<record><header><identifier>oai:alma.41SLSP_UGE:991000766789705502</identifier><datestamp>2023-03-01T01:09:48Z</datestamp><setSpec>uge_bcen_RapidILL_BOOK</setSpec><setSpec>uge_aaca_RapidILL_BOOK</setSpec><setSpec>uge_abels_RapidILL_BOOK</setSpec><setSpec>uge_dbu_RapidILL_BOOK</setSpec><setSpec>uge_cmu_RapidILL_BOOK</setSpec><setSpec>uge_mail_RapidILL_BOOK</setSpec><setSpec>UNIGE_ALL</setSpec><setSpec>uge_abbat_RapidILL_BOOK</setSpec><setSpec>uge_aobs_RapidILL_BOOK</setSpec><setSpec>uge_acar_RapidILL_BOOK</setSpec></header><metadata>
<record xmlns="http://www.loc.gov/MARC21/slim" xmlns:xsi="http://www.w3.org/2001/XMLSchema-instance" xsi:schemaLocation="http://www.loc.gov/MARC21/slim http://www.loc.gov/standards/marcxml/schema/MARC21slim.xsd"><leader>02195nam a2200313 c 4500</leader><controlfield tag="001">991000766789705502</controlfield><controlfield tag="005">20201126051727.0</controlfield><controlfield tag="008">081201s2008    sz ||||| m||| 00| ||eng d</controlfield><datafield ind1=" " ind2=" " tag="019"><subfield code="a">Catalogage décrit l'exemplaire de thèse</subfield><subfield code="5">RERO/geudbu/11.2008</subfield></datafield><datafield ind1=" " ind2=" " tag="035"><subfield code="a">(swissbib)107418274-41slsp_network</subfield></datafield><datafield ind1=" " ind2=" " tag="035"><subfield code="a">107418274</subfield><subfield code="9">ExL</subfield></datafield><datafield ind1=" " ind2=" " tag="035"><subfield code="a">(RERO)R004925015-41slsp</subfield></datafield><datafield ind1=" " ind2=" " tag="035"><subfield code="a">(EXLNZ-41SLSP_NETWORK)991072448779705501</subfield></datafield><datafield ind1=" " ind2=" " tag="040"><subfield code="a">RERO geudbu</subfield><subfield code="d">CH-ZuSLS</subfield></datafield><datafield ind1=" " ind2=" " tag="044"><subfield code="a">sz</subfield><subfield code="c">ch-ge</subfield></datafield><datafield ind1=" " ind2="7" tag="072"><subfield code="a">ss</subfield><subfield code="2">rero</subfield></datafield><datafield ind1="1" ind2=" " tag="100"><subfield code="a">Baalen, Brigitte van</subfield><subfield code="0">(RERO)A012393304</subfield><subfield code="4">cre</subfield></datafield><datafield ind1="1" ind2="0" tag="245"><subfield code="a">Essays on labor market adjustments and migration</subfield><subfield code="b">= Essais sur les ajustements du marché du travail et la migration</subfield><subfield code="c">Brigitte van Baalen</subfield></datafield><datafield ind1="1" ind2=" " tag="246"><subfield code="a">Essais sur les ajustements du marché du travail et la migration</subfield></datafield><datafield ind1=" " ind2="1" tag="264"><subfield code="a">Genève</subfield><subfield code="b">[éditeur non identifié]</subfield><subfield code="c">2008</subfield></datafield><datafield ind1=" " ind2=" " tag="300"><subfield code="a">136 p.</subfield><subfield code="b">ill.</subfield></datafield><datafield ind1=" " ind2=" " tag="336"><subfield code="b">txt</subfield><subfield code="2">rdacontent</subfield></datafield><datafield ind1=" " ind2=" " tag="337"><subfield code="b">n</subfield><subfield code="2">rdamedia</subfield></datafield><datafield ind1=" " ind2=" " tag="338"><subfield code="b">nc</subfield><subfield code="2">rdacarrier</subfield></datafield><datafield ind1=" " ind2=" " tag="502"><subfield code="a">Th. Univ. Genève, 2008 ; SES 664</subfield></datafield><datafield ind1=" " ind2=" " tag="508"><subfield code="a">Codirecteurs de thèse: Professeur Jaime De Melo, Professeur Tobias Müller</subfield></datafield><datafield ind1="8" ind2=" " tag="520"><subfield code="a">Cette thèse aborde des problématiques liées aux politiques d'aide au revenu et à la migration temporaire à travers trois approches différentes, développées dans trois chapitres distincts</subfield><subfield code="5">RERO/geudbu/12.2008</subfield></datafield><datafield ind1="8" ind2=" " tag="520"><subfield code="a">Le premier chapitre développe un modèle de marché du travail de type &quot;search-matching&quot; avec participation endogène et aléa moral. Le second chapitre applique ce modèle à la Suisse. Les résultats montrent qu'une aide au revenu inconditionnelle égale à 10% du salaire moyen combinée avec une aide conditionnelle égale à l'allocation chômage maximisent le bien-être social au détriment des travailleurs</subfield><subfield code="5">RERO/geudbu/12.2008</subfield></datafield><datafield ind1="8" ind2=" " tag="520"><subfield code="a">Le troisième chapitre étudie l'évolution des intentions de retour de migrants venus en Allemagne grâce à un programme de &quot;guest workers&quot;. L'analyse des données du German Socio Economic Panel (GSOEP) montre que les variables reflétant l'intégration expliquent au mieux pourquoi les migrants tendent à prolonger la durée souhaitée de leur séjour au fur et à mesure que le temps passe</subfield><subfield code="5">RERO/geudbu/12.2008</subfield></datafield><datafield ind1=" " ind2=" " tag="900"><subfield code="a">REROnoselfmerge</subfield></datafield></record>
</metadata></record>