<record><header><identifier>oai:alma.41SLSP_UGE:991000767529705502</identifier><datestamp>2023-03-01T01:09:48Z</datestamp><setSpec>uge_bcen_RapidILL_BOOK</setSpec><setSpec>uge_aaca_RapidILL_BOOK</setSpec><setSpec>uge_abels_RapidILL_BOOK</setSpec><setSpec>uge_dbu_RapidILL_BOOK</setSpec><setSpec>uge_cmu_RapidILL_BOOK</setSpec><setSpec>uge_mail_RapidILL_BOOK</setSpec><setSpec>UNIGE_ALL</setSpec><setSpec>uge_abbat_RapidILL_BOOK</setSpec><setSpec>uge_aobs_RapidILL_BOOK</setSpec><setSpec>uge_acar_RapidILL_BOOK</setSpec></header><metadata>
<record xmlns="http://www.loc.gov/MARC21/slim" xmlns:xsi="http://www.w3.org/2001/XMLSchema-instance" xsi:schemaLocation="http://www.loc.gov/MARC21/slim http://www.loc.gov/standards/marcxml/schema/MARC21slim.xsd"><leader>03925nam a2200385 c 4500</leader><controlfield tag="001">991000767529705502</controlfield><controlfield tag="005">20211105194633.0</controlfield><controlfield tag="008">021023s1964    ru ||||| |||| 00| ||rus d</controlfield><datafield ind1=" " ind2=" " tag="035"><subfield code="a">(swissbib)098297945-41slsp_network</subfield></datafield><datafield ind1=" " ind2=" " tag="035"><subfield code="a">098297945</subfield><subfield code="9">ExL</subfield></datafield><datafield ind1=" " ind2=" " tag="035"><subfield code="a">(RERO)R003260334-41slsp</subfield></datafield><datafield ind1=" " ind2=" " tag="035"><subfield code="a">(EXLNZ-41SLSP_NETWORK)991046791749705501</subfield></datafield><datafield ind1=" " ind2=" " tag="040"><subfield code="a">RERO frbcuc</subfield><subfield code="d">CH-ZuSLS</subfield></datafield><datafield ind1=" " ind2="7" tag="072"><subfield code="a">ru</subfield><subfield code="2">rero</subfield></datafield><datafield ind1="1" ind2=" " tag="100"><subfield code="6">880-01</subfield><subfield code="a">Gogol, Nikolaï Vasilievitch</subfield><subfield code="d">1809-1852</subfield><subfield code="0">(IDREF)027354407</subfield><subfield code="4">cre</subfield></datafield><datafield ind1="1" ind2=" " tag="880"><subfield code="6">100-01/(N</subfield><subfield code="a">Гоголь, Николай Васильевич</subfield><subfield code="d">1809-1852</subfield></datafield><datafield ind1="1" ind2="0" tag="245"><subfield code="6">880-02</subfield><subfield code="a">Revizor</subfield><subfield code="b">komedii︠a︡ v pi︠a︡ti deĭstvii︠a︡kh</subfield><subfield code="c">N.V. Gogolʹ ; [vstup. statʹi︠a︡ A.L. Slonimskogo] ; [illi︠u︡strat︠s︡ii D. Kardovskogo]</subfield></datafield><datafield ind1="1" ind2="0" tag="880"><subfield code="6">245-02/(N</subfield><subfield code="a">Ревизор</subfield><subfield code="b">комедия в пяти действиях</subfield><subfield code="c">Н.В. Гоголь ; [вступ. статья А.Л. Слонимского] ; [иллюстрации Д. Кардовского]</subfield></datafield><datafield ind1="1" ind2=" " tag="246"><subfield code="a">Revizor</subfield><subfield code="b">komedija v pjati dejstvijach / N.V. Gogolʹ ; [vstup. statʹja A.L. Slonimskogo] ; [illjustracii D. Kardovskogo]</subfield></datafield><datafield ind1=" " ind2="1" tag="264"><subfield code="6">880-03</subfield><subfield code="a">Moskva</subfield><subfield code="b">&quot;Chudožestvennaja Literatura&quot;</subfield><subfield code="c">1964</subfield></datafield><datafield ind1=" " ind2="1" tag="880"><subfield code="6">264-03/(N</subfield><subfield code="a">Москва</subfield><subfield code="b">&quot;Художественная Литература&quot;</subfield><subfield code="c">1964</subfield></datafield><datafield ind1=" " ind2=" " tag="300"><subfield code="a">109 p.</subfield><subfield code="b">ill.</subfield><subfield code="c">20 cm</subfield></datafield><datafield ind1=" " ind2=" " tag="336"><subfield code="b">txt</subfield><subfield code="2">rdacontent</subfield></datafield><datafield ind1=" " ind2=" " tag="337"><subfield code="b">n</subfield><subfield code="2">rdamedia</subfield></datafield><datafield ind1=" " ind2=" " tag="338"><subfield code="b">nc</subfield><subfield code="2">rdacarrier</subfield></datafield><datafield ind1="1" ind2=" " tag="490"><subfield code="6">880-04</subfield><subfield code="a">Narodnaja biblioteka</subfield></datafield><datafield ind1="0" ind2=" " tag="880"><subfield code="6">490-04/(N</subfield><subfield code="a">Народная библиотека</subfield></datafield><datafield ind1=" " ind2=" " tag="500"><subfield code="a">Réimpr. sur l'éd. de : &quot;Sobranie sočinenĳ v šesti tomach&quot; / N.V. Gogolʹ (Moskva, Goslitizdat, 1959, t. 4)</subfield></datafield><datafield ind1=" " ind2=" " tag="500"><subfield code="a">Réimpr. sur l'éd. de : &quot;Собрание сочинений в шести томах&quot; / Н.В. Гоголь (Москва, Гослитиздат, 1959, т. 4)</subfield></datafield><datafield ind1="1" ind2=" " tag="700"><subfield code="6">880-06</subfield><subfield code="a">Slonimski, Aleksandr Leonidovitch</subfield><subfield code="d">1881-1964</subfield><subfield code="0">(IDREF)03511908X</subfield></datafield><datafield ind1="1" ind2=" " tag="880"><subfield code="6">700-06/(N</subfield><subfield code="a">Слонимский, Александр Леонидович</subfield></datafield><datafield ind1="1" ind2=" " tag="700"><subfield code="6">880-07</subfield><subfield code="a">Kardovski, Dmitri Nikolaevitch</subfield><subfield code="d">1866-1943</subfield><subfield code="0">(IDREF)084675748</subfield></datafield><datafield ind1="1" ind2=" " tag="880"><subfield code="6">700-07/(N</subfield><subfield code="a">Кардовский, Д</subfield></datafield><datafield ind1=" " ind2="0" tag="830"><subfield code="6">880-08</subfield><subfield code="a">Narodnai︠a︡ biblioteka</subfield></datafield><datafield ind1=" " ind2="0" tag="880"><subfield code="6">830-08/(N</subfield><subfield code="a">Народная библиотека</subfield></datafield><datafield ind1=" " ind2=" " tag="900"><subfield code="a">REROnoselfmerge</subfield></datafield></record>
</metadata></record>