<record><header><identifier>oai:alma.41SLSP_UGE:991000767319705502</identifier><datestamp>2024-05-17T05:24:54Z</datestamp><setSpec>uge_bcen_RapidILL_BOOK</setSpec><setSpec>uge_aaca_RapidILL_BOOK</setSpec><setSpec>uge_abels_RapidILL_BOOK</setSpec><setSpec>uge_dbu_RapidILL_BOOK</setSpec><setSpec>uge_cmu_RapidILL_BOOK</setSpec><setSpec>uge_mail_RapidILL_BOOK</setSpec><setSpec>uge_abbat_RapidILL_BOOK</setSpec><setSpec>UNIGE_ALL</setSpec><setSpec>uge_acar_RapidILL_BOOK</setSpec><setSpec>uge_aobs_RapidILL_BOOK</setSpec></header><metadata>
<record xmlns="http://www.loc.gov/MARC21/slim" xmlns:xsi="http://www.w3.org/2001/XMLSchema-instance" xsi:schemaLocation="http://www.loc.gov/MARC21/slim http://www.loc.gov/standards/marcxml/schema/MARC21slim.xsd"><leader>02443nam a2200637 c 4500</leader><controlfield tag="001">991000767319705502</controlfield><controlfield tag="005">20230220185920.0</controlfield><controlfield tag="008">201011s1994    fr ||||| |||| 00| ||fre d</controlfield><datafield ind1=" " ind2=" " tag="020"><subfield code="a">2271052467</subfield></datafield><datafield ind1=" " ind2=" " tag="035"><subfield code="a">(swissbib)221058346-41slsp_network</subfield></datafield><datafield ind1=" " ind2=" " tag="035"><subfield code="a">221058346</subfield><subfield code="9">ExL</subfield></datafield><datafield ind1=" " ind2=" " tag="035"><subfield code="a">(RERO)1975557-41slsp</subfield></datafield><datafield ind1=" " ind2=" " tag="035"><subfield code="a">(NEBIS)001425125EBI01</subfield></datafield><datafield ind1=" " ind2=" " tag="035"><subfield code="a">(IDSBB)001106381DSV01</subfield></datafield><datafield ind1=" " ind2=" " tag="035"><subfield code="a">(EXLNZ-41SLSP_NETWORK)991047291159705501</subfield></datafield><datafield ind1=" " ind2=" " tag="040"><subfield code="a">RERO gevbpu</subfield><subfield code="d">CH-ZuSLS</subfield></datafield><datafield ind1=" " ind2="7" tag="072"><subfield code="a">ar</subfield><subfield code="2">rero</subfield></datafield><datafield ind1=" " ind2="7" tag="072"><subfield code="a">ur</subfield><subfield code="2">SzZuIDS BS/BE</subfield></datafield><datafield ind1=" " ind2="7" tag="072"><subfield code="a">ar</subfield><subfield code="2">SzZuIDS BS/BE</subfield></datafield><datafield ind1="1" ind2=" " tag="080"><subfield code="a">904(364.3)</subfield></datafield><datafield ind1="0" ind2="4" tag="082"><subfield code="a">902.44582</subfield></datafield><datafield ind1="1" ind2="4" tag="082"><subfield code="a">930</subfield><subfield code="2">15</subfield></datafield><datafield ind1="1" ind2="4" tag="082"><subfield code="a">930.1</subfield></datafield><datafield ind1="1" ind2="4" tag="082"><subfield code="a">936.402</subfield></datafield><datafield ind1=" " ind2=" " tag="084"><subfield code="a">NH 7751</subfield><subfield code="2">rvk</subfield></datafield><datafield ind1="0" ind2="0" tag="245"><subfield code="a">&lt;&lt;La&gt;&gt; maison des Dieux Océan à Saint-Romain-en-Gal (Rhône)</subfield><subfield code="c">Armand Desbat... [et al.]</subfield></datafield><datafield ind1=" " ind2="1" tag="264"><subfield code="a">Paris</subfield><subfield code="b">CNRS Éditions</subfield><subfield code="c">1994</subfield></datafield><datafield ind1=" " ind2=" " tag="300"><subfield code="a">XIV, 276 S.</subfield><subfield code="c">33 cm</subfield><subfield code="b">175, 125 s/w Ill., 21 farb. Ill.</subfield></datafield><datafield ind1=" " ind2=" " tag="336"><subfield code="b">txt</subfield><subfield code="2">rdacontent</subfield></datafield><datafield ind1=" " ind2=" " tag="337"><subfield code="b">n</subfield><subfield code="2">rdamedia</subfield></datafield><datafield ind1=" " ind2=" " tag="338"><subfield code="b">nc</subfield><subfield code="2">rdacarrier</subfield></datafield><datafield ind1="1" ind2=" " tag="490"><subfield code="a">Gallia. Supplément</subfield><subfield code="v">55</subfield></datafield><datafield ind1=" " ind2=" " tag="500"><subfield code="a">Ouvrage publ. avec le concours du ministère de la Culture</subfield></datafield><datafield ind1=" " ind2=" " tag="520"><subfield code="a">Saint-Romain-En-Gal - Rhône - Frankreich</subfield><subfield code="5">ubs-Archäologie</subfield></datafield><datafield ind1=" " ind2="7" tag="650"><subfield code="a">Archéologie</subfield><subfield code="0">(IDREF)02726971X</subfield><subfield code="2">idref</subfield></datafield><datafield ind1=" " ind2="7" tag="650"><subfield code="a">Ausgrabung</subfield><subfield code="2">idszbz</subfield></datafield><datafield ind1=" " ind2="7" tag="650"><subfield code="a">Haus</subfield><subfield code="2">idszbz</subfield></datafield><datafield ind1=" " ind2="7" tag="650"><subfield code="a">Römer</subfield><subfield code="2">idszbz</subfield></datafield><datafield ind1=" " ind2="0" tag="650"><subfield code="a">Romans</subfield><subfield code="z">France</subfield><subfield code="z">Saint-Romain-en-Gal</subfield></datafield><datafield ind1=" " ind2="7" tag="650"><subfield code="a">RÖMISCHE ARCHITEKTUR, ANTIKE</subfield><subfield code="9">ger</subfield><subfield code="0">(ETHUDK)000035486</subfield><subfield code="2">ethudk</subfield></datafield><datafield ind1=" " ind2="7" tag="650"><subfield code="a">RÖMISCHE PROVINZIALARCHÄOLOGIE</subfield><subfield code="9">ger</subfield><subfield code="0">(ETHUDK)000037889</subfield><subfield code="2">ethudk</subfield></datafield><datafield ind1=" " ind2="7" tag="650"><subfield code="a">SAINT-ROMAIN-EN-GAL (FRANKREICH)</subfield><subfield code="9">ger</subfield><subfield code="0">(ETHUDK)000057413</subfield><subfield code="2">ethudk</subfield></datafield><datafield ind1=" " ind2="7" tag="650"><subfield code="a">WOHNGEBAEUDE + WOHNUNGEN (ARCHAEOLOGIE, HISTORISCHE ZEIT)</subfield><subfield code="9">ger</subfield><subfield code="0">(ETHUDK)000052678</subfield><subfield code="2">ethudk</subfield></datafield><datafield ind1=" " ind2="7" tag="650"><subfield code="a">Villa</subfield><subfield code="z">römische</subfield><subfield code="z">Vienne</subfield><subfield code="v">Grabungsbericht</subfield><subfield code="2">idsbb</subfield></datafield><datafield ind1=" " ind2="7" tag="651"><subfield code="a">Saint-Romain-en-Gal (France)</subfield><subfield code="0">(RERO)A010145008</subfield><subfield code="2">rero</subfield></datafield><datafield ind1=" " ind2="7" tag="651"><subfield code="a">Frankreich</subfield><subfield code="2">idszbz</subfield></datafield><datafield ind1=" " ind2="7" tag="651"><subfield code="a">Wien</subfield><subfield code="2">idszbz</subfield></datafield><datafield ind1=" " ind2="0" tag="651"><subfield code="a">France</subfield><subfield code="x">Antiquities, Roman</subfield></datafield><datafield ind1=" " ind2="0" tag="651"><subfield code="a">Saint-Romain-en-Gal (France)</subfield><subfield code="x">Antiquities</subfield></datafield><datafield ind1=" " ind2="7" tag="651"><subfield code="a">Vienne</subfield><subfield code="x">Villa</subfield><subfield code="z">römische</subfield><subfield code="v">Grabungsbericht</subfield><subfield code="2">idsbb</subfield></datafield><datafield ind1="1" ind2=" " tag="700"><subfield code="a">Le Bot-Helly, Anne</subfield><subfield code="0">(DE-588)189657871</subfield></datafield><datafield ind1="1" ind2=" " tag="700"><subfield code="a">Desbat, Armand</subfield><subfield code="0">(DE-588)1026274648</subfield><subfield code="6">880-02</subfield></datafield><datafield ind1="1" ind2=" " tag="880"><subfield code="6">700-02</subfield><subfield code="a">Desbat, Armand</subfield><subfield code="c">archéologue</subfield><subfield code="d">19..-....</subfield><subfield code="0">(IDREF)028273788</subfield></datafield><datafield ind1=" " ind2=" " tag="830"><subfield code="a">Suppléments à &quot;Gallia&quot;</subfield><subfield code="v">55</subfield><subfield code="w">(NEBIS)000988635EBI01</subfield></datafield><datafield ind1=" " ind2=" " tag="830"><subfield code="a">Gallia</subfield><subfield code="p">Suppléments</subfield><subfield code="v">55</subfield><subfield code="w">(RERO)0024214-41slsp</subfield></datafield><datafield ind1=" " ind2=" " tag="900"><subfield code="a">REROnoselfmerge</subfield></datafield><datafield ind1=" " ind2=" " tag="900"><subfield code="f">IDSU2medea</subfield></datafield></record>
</metadata></record>