<record><header><identifier>oai:alma.41SLSP_UGE:991000767299705502</identifier><datestamp>2023-03-01T01:09:48Z</datestamp><setSpec>uge_bcen_RapidILL_BOOK</setSpec><setSpec>uge_aaca_RapidILL_BOOK</setSpec><setSpec>uge_abels_RapidILL_BOOK</setSpec><setSpec>uge_dbu_RapidILL_BOOK</setSpec><setSpec>uge_cmu_RapidILL_BOOK</setSpec><setSpec>uge_mail_RapidILL_BOOK</setSpec><setSpec>UNIGE_ALL</setSpec><setSpec>uge_abbat_RapidILL_BOOK</setSpec><setSpec>uge_acar_RapidILL_BOOK</setSpec><setSpec>uge_aobs_RapidILL_BOOK</setSpec></header><metadata>
<record xmlns="http://www.loc.gov/MARC21/slim" xmlns:xsi="http://www.w3.org/2001/XMLSchema-instance" xsi:schemaLocation="http://www.loc.gov/MARC21/slim http://www.loc.gov/standards/marcxml/schema/MARC21slim.xsd"><leader>01499nam a2200313 c 4500</leader><controlfield tag="001">991000767299705502</controlfield><controlfield tag="005">20220822150452.0</controlfield><controlfield tag="007">h| ||||||||||</controlfield><controlfield tag="008">961010r19941587fr |||||b|||| 00| ||fre d</controlfield><datafield ind1=" " ind2=" " tag="035"><subfield code="a">(swissbib)091748453-41slsp_network</subfield></datafield><datafield ind1=" " ind2=" " tag="035"><subfield code="a">091748453</subfield><subfield code="9">ExL</subfield></datafield><datafield ind1=" " ind2=" " tag="035"><subfield code="a">(RERO)2269396-41slsp</subfield></datafield><datafield ind1=" " ind2=" " tag="035"><subfield code="a">(EXLNZ-41SLSP_NETWORK)991045081259705501</subfield></datafield><datafield ind1=" " ind2=" " tag="040"><subfield code="a">RERO gevbpu</subfield><subfield code="d">CH-ZuSLS</subfield></datafield><datafield ind1=" " ind2="7" tag="072"><subfield code="a">hg</subfield><subfield code="2">rero</subfield></datafield><datafield ind1=" " ind2=" " tag="084"><subfield code="a">531.A.O</subfield><subfield code="2">brp</subfield></datafield><datafield ind1=" " ind2=" " tag="084"><subfield code="a">151.D.3.D</subfield><subfield code="2">brp</subfield></datafield><datafield ind1="0" ind2="0" tag="245"><subfield code="a">Choses admirables et miraculeuses faictes par la vertu et la puissance de Dieu, en faveur de la dévotion et saincteté d'une vénérable mère nommée soeur Marie de la Visitation, prieure de la ville de Lisbonne, au monastère des religieuses de l'Annonciation de l'ordre de S. Dominique</subfield><subfield code="b">lesquelles sont approuvées par le tesmoignage de plusieurs personnes dignes de foy, comme il se verra par la lecture de ce petit recueil</subfield></datafield><datafield ind1=" " ind2="1" tag="264"><subfield code="a">Neuilly-sur-Marne</subfield><subfield code="b">Société d'ingénierie et de microfilmage</subfield><subfield code="c">[1994?]</subfield></datafield><datafield ind1=" " ind2=" " tag="300"><subfield code="a">1 MICROFILM</subfield></datafield><datafield ind1=" " ind2=" " tag="336"><subfield code="b">txt</subfield><subfield code="2">rdacontent</subfield></datafield><datafield ind1=" " ind2=" " tag="337"><subfield code="b">h</subfield><subfield code="2">rdamedia</subfield></datafield><datafield ind1=" " ind2=" " tag="500"><subfield code="a">Microfilm de l'ex. de la Bibliothèque Mazarine (cote: 25457)</subfield></datafield><datafield ind1=" " ind2=" " tag="534"><subfield code="p">Reprod. sur microfilm de l'éd. de:</subfield><subfield code="c">A Paris : chez Jean Bessaut..., 1587</subfield></datafield><datafield ind1=" " ind2="7" tag="650"><subfield code="a">possession (religion)</subfield><subfield code="0">(RERO)A010134929</subfield><subfield code="2">rerovoc</subfield></datafield><datafield ind1=" " ind2="7" tag="650"><subfield code="a">1587</subfield><subfield code="2">rero</subfield></datafield><datafield ind1=" " ind2="7" tag="651"><subfield code="a">Lisbonne (Portugal)</subfield><subfield code="0">(IDREF)027236668</subfield><subfield code="2">idref</subfield></datafield><datafield ind1="1" ind2=" " tag="700"><subfield code="a">Bessault, Jean</subfield><subfield code="d">1563-....</subfield><subfield code="0">(IDREF)166023329</subfield><subfield code="4">prt</subfield></datafield><datafield ind1=" " ind2=" " tag="751"><subfield code="a">Paris (France)</subfield><subfield code="4">pup</subfield><subfield code="0">(IDREF)027244520</subfield></datafield><datafield ind1=" " ind2=" " tag="900"><subfield code="a">REROnoselfmerge</subfield></datafield><datafield ind1=" " ind2=" " tag="993"><subfield code="a">IHR FILM 366(3)</subfield><subfield code="x">ge/uihr/d/3106</subfield><subfield code="9">LOCAL</subfield></datafield></record>
</metadata></record>