<record><header><identifier>oai:alma.41SLSP_UGE:991000766779705502</identifier><datestamp>2023-03-01T01:09:48Z</datestamp><setSpec>uge_bcen_RapidILL_BOOK</setSpec><setSpec>uge_aaca_RapidILL_BOOK</setSpec><setSpec>uge_abels_RapidILL_BOOK</setSpec><setSpec>uge_dbu_RapidILL_BOOK</setSpec><setSpec>uge_cmu_RapidILL_BOOK</setSpec><setSpec>uge_mail_RapidILL_BOOK</setSpec><setSpec>UNIGE_ALL</setSpec><setSpec>uge_abbat_RapidILL_BOOK</setSpec><setSpec>uge_aobs_RapidILL_BOOK</setSpec><setSpec>uge_acar_RapidILL_BOOK</setSpec></header><metadata>
<record xmlns="http://www.loc.gov/MARC21/slim" xmlns:xsi="http://www.w3.org/2001/XMLSchema-instance" xsi:schemaLocation="http://www.loc.gov/MARC21/slim http://www.loc.gov/standards/marcxml/schema/MARC21slim.xsd"><leader>01708nam a2200457 c 4500</leader><controlfield tag="001">991000766779705502</controlfield><controlfield tag="005">20201222212050.0</controlfield><controlfield tag="008">201011s1988    sp            00| | spa|d</controlfield><datafield ind1=" " ind2=" " tag="020"><subfield code="a">9788475172439</subfield></datafield><datafield ind1=" " ind2=" " tag="020"><subfield code="a">8475172431</subfield></datafield><datafield ind1=" " ind2=" " tag="035"><subfield code="a">(swissbib)225617536-41slsp_network</subfield></datafield><datafield ind1=" " ind2=" " tag="035"><subfield code="a">225617536</subfield><subfield code="9">ExL</subfield></datafield><datafield ind1=" " ind2=" " tag="035"><subfield code="a">(IDSBB)004892266DSV01</subfield></datafield><datafield ind1=" " ind2=" " tag="035"><subfield code="a">(RERO)1160572-41slsp</subfield></datafield><datafield ind1=" " ind2=" " tag="035"><subfield code="a">(EXLNZ-41SLSP_NETWORK)991057627749705501</subfield></datafield><datafield ind1=" " ind2=" " tag="040"><subfield code="a">RERO geules</subfield><subfield code="e">kids</subfield><subfield code="d">CH-ZuSLS</subfield></datafield><datafield ind1="1" ind2=" " tag="041"><subfield code="a">spa</subfield><subfield code="h">ger</subfield></datafield><datafield ind1=" " ind2="7" tag="072"><subfield code="a">ap</subfield><subfield code="2">SzZuIDS BS/BE</subfield></datafield><datafield ind1=" " ind2="7" tag="072"><subfield code="a">es</subfield><subfield code="2">SzZuIDS BS/BE</subfield></datafield><datafield ind1=" " ind2="7" tag="072"><subfield code="a">is</subfield><subfield code="2">SzZuIDS BS/BE</subfield></datafield><datafield ind1=" " ind2="7" tag="072"><subfield code="a">it</subfield><subfield code="2">SzZuIDS BS/BE</subfield></datafield><datafield ind1=" " ind2="7" tag="072"><subfield code="a">or</subfield><subfield code="2">rero</subfield></datafield><datafield ind1="1" ind2="4" tag="082"><subfield code="a">297</subfield><subfield code="2">15</subfield></datafield><datafield ind1=" " ind2=" " tag="084"><subfield code="a">IN 4510</subfield><subfield code="2">rvk</subfield></datafield><datafield ind1="1" ind2=" " tag="100"><subfield code="a">Schack, Adolf Friedrich &lt;&lt;von&gt;&gt;</subfield><subfield code="d">1815-1894</subfield><subfield code="0">(DE-588)118606042</subfield><subfield code="e">Verfasser</subfield><subfield code="4">aut</subfield><subfield code="6">880-01</subfield></datafield><datafield ind1="1" ind2=" " tag="880"><subfield code="a">Schack, Adolf Friedrich von</subfield><subfield code="0">(RERO)A003791389</subfield><subfield code="4">cre</subfield><subfield code="6">100-01</subfield></datafield><datafield ind1="1" ind2="0" tag="245"><subfield code="a">Poesía y arte de los árabes en España y Sicilia</subfield><subfield code="c">Adolf Friedrich von Schack ; traducción española de D. Juan Valera ; con un epílogo biográfico sobre el autor</subfield></datafield><datafield ind1=" " ind2="1" tag="264"><subfield code="a">Madrid</subfield><subfield code="b">Hiperión</subfield><subfield code="c">1988</subfield></datafield><datafield ind1=" " ind2=" " tag="300"><subfield code="a">442 p.</subfield><subfield code="b">fig., portr.</subfield><subfield code="c">23 cm</subfield></datafield><datafield ind1=" " ind2=" " tag="336"><subfield code="b">txt</subfield><subfield code="2">rdacontent</subfield></datafield><datafield ind1=" " ind2=" " tag="337"><subfield code="b">n</subfield><subfield code="2">rdamedia</subfield></datafield><datafield ind1=" " ind2=" " tag="338"><subfield code="b">nc</subfield><subfield code="2">rdacarrier</subfield></datafield><datafield ind1="0" ind2=" " tag="490"><subfield code="a">Libros Hiperión</subfield><subfield code="v">112</subfield></datafield><datafield ind1=" " ind2=" " tag="500"><subfield code="a">Originaltitel: Poesie und Kunst der Araber in Spanien und Sicilien</subfield></datafield><datafield ind1=" " ind2="7" tag="650"><subfield code="a">Arabisch</subfield><subfield code="0">(DE-588)4241223-7</subfield><subfield code="2">gnd</subfield></datafield><datafield ind1=" " ind2="7" tag="650"><subfield code="a">Literatur</subfield><subfield code="0">(DE-588)4035964-5</subfield><subfield code="2">gnd</subfield></datafield><datafield ind1=" " ind2="7" tag="651"><subfield code="a">Sizilien</subfield><subfield code="0">(DE-588)4055193-3</subfield><subfield code="2">gnd</subfield></datafield><datafield ind1=" " ind2="7" tag="651"><subfield code="a">Spanien</subfield><subfield code="0">(DE-588)4055964-6</subfield><subfield code="2">gnd</subfield></datafield><datafield ind1="1" ind2=" " tag="700"><subfield code="a">Valera, Juan</subfield><subfield code="d">1824-1905</subfield><subfield code="0">(DE-588)11880376X</subfield><subfield code="e">Übersetzer</subfield><subfield code="4">trl</subfield><subfield code="6">880-02</subfield></datafield><datafield ind1="1" ind2=" " tag="880"><subfield code="6">700-02</subfield><subfield code="a">Valera, Juan</subfield><subfield code="d">1824-1905</subfield><subfield code="0">(IDREF)028085787</subfield></datafield><datafield ind1=" " ind2=" " tag="900"><subfield code="a">IDSDSStoppsignal FRED</subfield></datafield><datafield ind1=" " ind2=" " tag="900"><subfield code="a">REROnoselfmerge</subfield></datafield><datafield ind1=" " ind2=" " tag="993"><subfield code="a">BFLA 39057</subfield><subfield code="x">ge/ules/a/89/696</subfield><subfield code="9">LOCAL</subfield></datafield></record>
</metadata></record>