<record><header><identifier>oai:alma.41SLSP_UGE:991000766679705502</identifier><datestamp>2023-04-09T00:34:18Z</datestamp><setSpec>uge_bcen_RapidILL_BOOK</setSpec><setSpec>uge_aaca_RapidILL_BOOK</setSpec><setSpec>uge_abels_RapidILL_BOOK</setSpec><setSpec>uge_dbu_RapidILL_BOOK</setSpec><setSpec>uge_cmu_RapidILL_BOOK</setSpec><setSpec>uge_mail_RapidILL_BOOK</setSpec><setSpec>UNIGE_ALL</setSpec><setSpec>uge_abbat_RapidILL_BOOK</setSpec><setSpec>uge_aobs_RapidILL_BOOK</setSpec><setSpec>uge_acar_RapidILL_BOOK</setSpec></header><metadata>
<record xmlns="http://www.loc.gov/MARC21/slim" xmlns:xsi="http://www.w3.org/2001/XMLSchema-instance" xsi:schemaLocation="http://www.loc.gov/MARC21/slim http://www.loc.gov/standards/marcxml/schema/MARC21slim.xsd"><leader>04404nam a2200505 c 4500</leader><controlfield tag="001">991000766679705502</controlfield><controlfield tag="005">20230408055302.0</controlfield><controlfield tag="008">201011s2013    gw ||||| |||| 00| ||ger d</controlfield><datafield ind1=" " ind2=" " tag="020"><subfield code="a">9783897397705</subfield><subfield code="c">€ 38.-</subfield></datafield><datafield ind1=" " ind2=" " tag="020"><subfield code="a">3897397706</subfield></datafield><datafield ind1="7" ind2=" " tag="024"><subfield code="a">http://catalogue.bnf.fr/ark:/12148/cb450258887</subfield><subfield code="2">uri</subfield></datafield><datafield ind1=" " ind2=" " tag="035"><subfield code="a">(swissbib)214140652-41slsp_network</subfield></datafield><datafield ind1=" " ind2=" " tag="035"><subfield code="a">214140652</subfield><subfield code="9">ExL</subfield></datafield><datafield ind1=" " ind2=" " tag="035"><subfield code="a">(RERO)R007701605-41slsp</subfield></datafield><datafield ind1=" " ind2=" " tag="035"><subfield code="a">(IDSBB)006185328DSV01</subfield></datafield><datafield ind1=" " ind2=" " tag="035"><subfield code="a">(NEBIS)010128187EBI01</subfield></datafield><datafield ind1=" " ind2=" " tag="035"><subfield code="a">(OCoLC)870959212</subfield></datafield><datafield ind1=" " ind2=" " tag="035"><subfield code="a">(EXLNZ-41SLSP_NETWORK)991022354809705501</subfield></datafield><datafield ind1=" " ind2=" " tag="040"><subfield code="a">RERO geulha</subfield><subfield code="d">CH-ZuSLS</subfield></datafield><datafield ind1=" " ind2="7" tag="072"><subfield code="a">ba</subfield><subfield code="2">rero</subfield></datafield><datafield ind1=" " ind2="7" tag="072"><subfield code="a">kh</subfield><subfield code="2">SzZuIDS BS/BE</subfield></datafield><datafield ind1="1" ind2=" " tag="100"><subfield code="a">Deuter, Jörg</subfield><subfield code="d">1956-....</subfield><subfield code="0">(IDREF)184578353</subfield><subfield code="4">cre</subfield></datafield><datafield ind1="1" ind2="0" tag="245"><subfield code="a">Gert Schiff</subfield><subfield code="b">von Füssli zu Picasso : Biographie einer Kunsthistoriker-Generation</subfield><subfield code="c">Jörg Deuter ; mit einer Einleit. von Werner Hofmann</subfield></datafield><datafield ind1=" " ind2="1" tag="264"><subfield code="a">Weimar</subfield><subfield code="b">VDG</subfield><subfield code="c">2013</subfield></datafield><datafield ind1=" " ind2=" " tag="300"><subfield code="a">316 p.</subfield><subfield code="b">ill. en noir</subfield><subfield code="c">21 cm</subfield></datafield><datafield ind1=" " ind2=" " tag="336"><subfield code="b">txt</subfield><subfield code="2">rdacontent</subfield></datafield><datafield ind1=" " ind2=" " tag="337"><subfield code="b">n</subfield><subfield code="2">rdamedia</subfield></datafield><datafield ind1=" " ind2=" " tag="338"><subfield code="b">nc</subfield><subfield code="2">rdacarrier</subfield></datafield><datafield ind1=" " ind2=" " tag="504"><subfield code="a">S. 270-282 u. 289-300</subfield></datafield><datafield ind1="0" ind2=" " tag="505"><subfield code="a">Werner Hofmann: Einleitung. - Ein Überblick : &quot;...a paradoxial, even contradictionary personality...&quot;. - Frühe biographische Knotenpunkte. - Die Legende Gert Schiff. - Der Aufbruch als Antwort auf den geistigen Nullpunkt. - Herkunft und Aufstieg der Familie Schiff aus Elsfleth an der Unter-Weser. - David Schiff alias Dr. Hermann Schiff, der Cousin Heinrich Heines. - Jugend in Oldenburg. - Erich Schiff als Verteidiger im Prozess Maximilian Harden. - Das Alte Gymnasium : verbotene Bücher und subversiver Klassengeist. - Krieg und Nachkriegszeit. - Weichenstellung für kommende Aufgaben : &quot;Art d'aujourd'hui&quot; in Hamburg. - Dorothea Sternheim, genannt Mopsa. - Thea Sternheim, &quot;die Königinmutter&quot;. - Hamburg, Köln, Hamburg, Köln, Studien-Freunde : Tilmann Buddensieg, Detlef Heikamp, Martin Sperlich, Cacilia Weyer und Matthias Winner. - Frühe Anerkennung : vom &quot;Journalisten unter den Kunsthistorikern&quot; zum raffinierten Ikonographen. - Themenwahl aus Affinität : Arbeitsweise am Lebensthema Johann Heinrich Füssli. - Entdeckungen und Entschlüsselungen : Spensers &quot;Faerie Queene&quot; und Füsslis Malerallegorien. - Die Züricher Anfänge. - Städtebilder : London, Brüssel, New York, São Paulo. - Monumentalzyklen werden wiederentdeckt : Füsslis &quot;Milton Gallery&quot;. - ...und &quot;Midsummer night's dream&quot;. - &quot;Wiedergutmachung&quot; oder : die Metamorphose von Sternheims van Gogh in einen Plattenspieler. - &quot;Eindrücke des guten Gert Schiff&quot; und ein Epilog auf die Familie Sternheim. - Rudolf Charles von Ripper, Konturen einer nicht wahrgenommenen Wiederentdeckung. - Armin T. Wegner und Irene Kowaliska-Wegner auf Stromboli und in Rom oder : &quot;Ihr seid doch eigentlich meine zweite Familie&quot;. - Horst W. Janson : &quot;our major talent scout&quot;. - Chelsea Hotel, New York. - Beckmann, Moreau, Ensor : literarische &quot;Konfabulationen&quot; und psychoanalytische Deutungen. - Das Oeuvre &quot;des grössten Zürcher Künstlers der Vergangenheit&quot;. - Literarisch-künstlerische Grenzbereiche : Füssli, Beckford, Joyce oder : die Freude zu finden. - Die Perspektive Picasso. - Ching Ho Cheng : Dekompositionen und Dekonstruktionen. - Blake in Japan : Verwirklichung eines Lebenstraums. - Eine persönliche Erinnerung des Autors an Gert Schiff 1984. - The array of Klee's angels</subfield></datafield><datafield ind1="1" ind2="7" tag="600"><subfield code="a">Schiff, Gert</subfield><subfield code="d">1926-1990</subfield><subfield code="0">(IDREF)027126110</subfield><subfield code="2">idref</subfield></datafield><datafield ind1="1" ind2="7" tag="600"><subfield code="a">Schiff, Gert</subfield><subfield code="d">1926-1990</subfield><subfield code="0">(DE-588)122200608</subfield><subfield code="2">gnd</subfield></datafield><datafield ind1=" " ind2="7" tag="648"><subfield code="a">Geschichte 1945-1980</subfield><subfield code="2">gnd</subfield></datafield><datafield ind1=" " ind2="7" tag="650"><subfield code="a">Kunstwissenschaft</subfield><subfield code="0">(DE-588)4120632-0</subfield><subfield code="2">gnd</subfield></datafield><datafield ind1=" " ind2="7" tag="650"><subfield code="a">BIOGRAPHIEN (LEBEN UND WERK)</subfield><subfield code="9">ger</subfield><subfield code="0">(ETHUDK)000036789</subfield><subfield code="2">ethudk</subfield></datafield><datafield ind1=" " ind2="7" tag="650"><subfield code="a">KUNSTHISTORIKER + KUNSTHISTORIKERINNEN</subfield><subfield code="9">ger</subfield><subfield code="0">(ETHUDK)000059035</subfield><subfield code="2">ethudk</subfield></datafield><datafield ind1=" " ind2="7" tag="651"><subfield code="a">Deutschland</subfield><subfield code="0">(DE-588)4011882-4</subfield><subfield code="2">gnd</subfield></datafield><datafield ind1=" " ind2="7" tag="655"><subfield code="a">Biografie</subfield><subfield code="2">gnd-content</subfield></datafield><datafield ind1=" " ind2=" " tag="690"><subfield code="a">Schiff, Gert</subfield><subfield code="2">uzb-US</subfield></datafield><datafield ind1=" " ind2=" " tag="690"><subfield code="a">Psychoanalyse</subfield><subfield code="2">uzb-US</subfield></datafield><datafield ind1=" " ind2=" " tag="690"><subfield code="a">KunsthistorikerIn</subfield><subfield code="2">uzb-US</subfield></datafield><datafield ind1=" " ind2=" " tag="690"><subfield code="a">Zürich. Kunstwissenschaft</subfield><subfield code="2">uzb-US</subfield></datafield><datafield ind1="1" ind2=" " tag="700"><subfield code="a">Hofmann, Werner</subfield><subfield code="d">1928-2013</subfield><subfield code="0">(DE-588)120644398</subfield><subfield code="6">880-02</subfield></datafield><datafield ind1="1" ind2=" " tag="880"><subfield code="a">Hofmann, Werner</subfield><subfield code="0">(RERO)A003378141</subfield><subfield code="6">700-02</subfield></datafield><datafield ind1="4" ind2=" " tag="856"><subfield code="3">Titelblatt und Inhaltsverzeichnis</subfield><subfield code="u">https://toc.library.ethz.ch/objects/pdf03/e20_978-3-89739-770-5_01.pdf</subfield><subfield code="q">pdf</subfield></datafield><datafield ind1=" " ind2=" " tag="949"><subfield code="a">https://toc.library.ethz.ch/objects/pdf03/e20_978-3-89739-770-5_01.pdf</subfield></datafield><datafield ind1=" " ind2=" " tag="993"><subfield code="a">BFLA 253424</subfield><subfield code="x">ge/ulha/a/14/0425</subfield><subfield code="9">LOCAL</subfield></datafield></record>
</metadata></record>