<record><header><identifier>oai:alma.41SLSP_UGE:991000767129705502</identifier><datestamp>2023-03-21T01:11:45Z</datestamp><setSpec>uge_bcen_RapidILL_BOOK</setSpec><setSpec>uge_aaca_RapidILL_BOOK</setSpec><setSpec>uge_abels_RapidILL_BOOK</setSpec><setSpec>uge_dbu_RapidILL_BOOK</setSpec><setSpec>uge_cmu_RapidILL_BOOK</setSpec><setSpec>uge_mail_RapidILL_BOOK</setSpec><setSpec>uge_abbat_RapidILL_BOOK</setSpec><setSpec>UNIGE_ALL</setSpec><setSpec>uge_acar_RapidILL_BOOK</setSpec><setSpec>uge_aobs_RapidILL_BOOK</setSpec></header><metadata>
<record xmlns="http://www.loc.gov/MARC21/slim" xmlns:xsi="http://www.w3.org/2001/XMLSchema-instance" xsi:schemaLocation="http://www.loc.gov/MARC21/slim http://www.loc.gov/standards/marcxml/schema/MARC21slim.xsd"><leader>02383nam a22006252c 4500</leader><controlfield tag="001">991000767129705502</controlfield><controlfield tag="005">20230320195335.0</controlfield><controlfield tag="008">201011s1984    fr ||||| |||| 01| ||fre d</controlfield><datafield ind1=" " ind2=" " tag="020"><subfield code="a">2905397039</subfield></datafield><datafield ind1=" " ind2=" " tag="035"><subfield code="a">(swissbib)221795014-41slsp_network</subfield></datafield><datafield ind1=" " ind2=" " tag="035"><subfield code="a">221795014</subfield><subfield code="9">ExL</subfield></datafield><datafield ind1=" " ind2=" " tag="035"><subfield code="a">(NEBIS)003066704EBI01</subfield></datafield><datafield ind1=" " ind2=" " tag="035"><subfield code="a">(IDSBB)000258722DSV01</subfield></datafield><datafield ind1=" " ind2=" " tag="035"><subfield code="a">(RERO)R003334961-41slsp</subfield></datafield><datafield ind1=" " ind2=" " tag="035"><subfield code="a">(EXLNZ-41SLSP_NETWORK)991056967819705501</subfield></datafield><datafield ind1=" " ind2=" " tag="040"><subfield code="a">SzZuIDS BS/BE A100</subfield><subfield code="d">CH-ZuSLS</subfield></datafield><datafield ind1="0" ind2=" " tag="041"><subfield code="a">eng</subfield><subfield code="a">fre</subfield><subfield code="a">ger</subfield></datafield><datafield ind1=" " ind2="7" tag="072"><subfield code="a">ae</subfield><subfield code="2">SzZuIDS BS/BE</subfield></datafield><datafield ind1=" " ind2="7" tag="072"><subfield code="a">ar</subfield><subfield code="2">rero</subfield></datafield><datafield ind1="0" ind2="4" tag="082"><subfield code="a">810/.9</subfield><subfield code="2">19</subfield></datafield><datafield ind1="0" ind2="4" tag="082"><subfield code="a">932</subfield></datafield><datafield ind1="1" ind2="4" tag="082"><subfield code="a">932</subfield><subfield code="2">21</subfield></datafield><datafield ind1="1" ind2="4" tag="082"><subfield code="a">930</subfield><subfield code="2">15</subfield></datafield><datafield ind1="0" ind2="0" tag="245"><subfield code="a">Mélanges Adolphe Gutbub</subfield><subfield code="c">Institut d'égyptologie, Université Paul Valéry</subfield></datafield><datafield ind1=" " ind2="1" tag="264"><subfield code="a">Montpellier</subfield><subfield code="b">Institut d'Egyptologie, Univ. de Montpellier</subfield><subfield code="c">1984</subfield></datafield><datafield ind1=" " ind2=" " tag="300"><subfield code="a">V, 252 p.</subfield><subfield code="b">ill.</subfield><subfield code="c">27 cm</subfield></datafield><datafield ind1=" " ind2=" " tag="336"><subfield code="b">txt</subfield><subfield code="2">rdacontent</subfield></datafield><datafield ind1=" " ind2=" " tag="337"><subfield code="b">n</subfield><subfield code="2">rdamedia</subfield></datafield><datafield ind1=" " ind2=" " tag="338"><subfield code="b">nc</subfield><subfield code="2">rdacarrier</subfield></datafield><datafield ind1="0" ind2=" " tag="490"><subfield code="a">Publication de la recherche / Université de Montpellier</subfield></datafield><datafield ind1="1" ind2=" " tag="490"><subfield code="a">[Orientalia monspeliensia]</subfield><subfield code="v">[2]</subfield></datafield><datafield ind1=" " ind2=" " tag="500"><subfield code="a">En tête du titre : Institut d'égyptologie, Université Paul Valéry</subfield></datafield><datafield ind1=" " ind2=" " tag="504"><subfield code="a">Bibliographie und Biographie von A. Gutbub S. I-V</subfield></datafield><datafield ind1="1" ind2="7" tag="600"><subfield code="a">Gutbub, Adolphe</subfield><subfield code="d">1915-1987</subfield><subfield code="0">(DE-588)13141853X</subfield><subfield code="2">gnd</subfield></datafield><datafield ind1="1" ind2="0" tag="600"><subfield code="a">Gutbub, Adolphe</subfield></datafield><datafield ind1="1" ind2="7" tag="600"><subfield code="a">Gutbub, Adolphe</subfield><subfield code="2">idsbb</subfield></datafield><datafield ind1=" " ind2="7" tag="650"><subfield code="a">Ägyptologie</subfield><subfield code="0">(DE-588)4141476-7</subfield><subfield code="2">gnd</subfield></datafield><datafield ind1=" " ind2="0" tag="650"><subfield code="a">American literature</subfield><subfield code="x">History and criticism</subfield><subfield code="v">Congresses</subfield></datafield><datafield ind1=" " ind2="0" tag="650"><subfield code="a">Art in literature</subfield><subfield code="v">Congresses</subfield></datafield><datafield ind1=" " ind2="0" tag="650"><subfield code="a">History in literature</subfield><subfield code="v">Congresses</subfield></datafield><datafield ind1=" " ind2="0" tag="650"><subfield code="a">Myth in literature</subfield><subfield code="v">Congresses</subfield></datafield><datafield ind1=" " ind2="7" tag="650"><subfield code="a">Égyptologie</subfield><subfield code="0">(IDREF)050546392</subfield><subfield code="2">idref</subfield></datafield><datafield ind1=" " ind2="0" tag="651"><subfield code="a">Egypt</subfield><subfield code="x">Antiquities</subfield></datafield><datafield ind1=" " ind2="0" tag="651"><subfield code="a">Egypt</subfield><subfield code="x">Civilization</subfield></datafield><datafield ind1=" " ind2="7" tag="651"><subfield code="a">Ägypten (altes)</subfield><subfield code="2">idsbb</subfield></datafield><datafield ind1=" " ind2="7" tag="655"><subfield code="a">Festschrift</subfield><subfield code="2">gnd-content</subfield></datafield><datafield ind1=" " ind2="7" tag="655"><subfield code="a">Bibliografie</subfield><subfield code="2">gnd-content</subfield></datafield><datafield ind1=" " ind2="7" tag="655"><subfield code="a">[Études diverses]</subfield><subfield code="0">(RERO)A022249905</subfield><subfield code="2">rero</subfield></datafield><datafield ind1=" " ind2=" " tag="690"><subfield code="a">Gutbub, Adolphe</subfield><subfield code="2">uzb-Z9</subfield></datafield><datafield ind1=" " ind2=" " tag="690"><subfield code="a">Ägyptologie / Fest- und Gedenkschriften</subfield><subfield code="2">uzb-Z9</subfield></datafield><datafield ind1="1" ind2=" " tag="700"><subfield code="a">Gutbub, Adolphe</subfield><subfield code="d">1915-1987</subfield><subfield code="0">(IDREF)026910764</subfield></datafield><datafield ind1="2" ind2=" " tag="710"><subfield code="a">Université Paul Valéry</subfield><subfield code="b">Institut d'Égyptologie</subfield><subfield code="0">(DE-588)1080044-X</subfield></datafield><datafield ind1="2" ind2=" " tag="710"><subfield code="a">Centre d'Égyptologie François Daumas</subfield><subfield code="0">(DE-588)5283691-5</subfield></datafield><datafield ind1=" " ind2=" " tag="830"><subfield code="a">Orientalia Monspeliensia</subfield><subfield code="v">2</subfield><subfield code="w">(RERO)0360358-41slsp</subfield></datafield><datafield ind1=" " ind2=" " tag="900"><subfield code="a">IDSZRMedeaZBZ</subfield></datafield><datafield ind1=" " ind2=" " tag="900"><subfield code="a">REROnoselfmerge</subfield></datafield></record>
</metadata></record>