<record><header><identifier>oai:alma.41SLSP_UGE:991000766929705502</identifier><datestamp>2023-06-20T00:20:02Z</datestamp><setSpec>uge_bcen_RapidILL_BOOK</setSpec><setSpec>uge_aaca_RapidILL_BOOK</setSpec><setSpec>uge_abels_RapidILL_BOOK</setSpec><setSpec>uge_dbu_RapidILL_BOOK</setSpec><setSpec>uge_cmu_RapidILL_BOOK</setSpec><setSpec>uge_mail_RapidILL_BOOK</setSpec><setSpec>uge_abbat_RapidILL_BOOK</setSpec><setSpec>UNIGE_ALL</setSpec><setSpec>uge_acar_RapidILL_BOOK</setSpec><setSpec>uge_aobs_RapidILL_BOOK</setSpec></header><metadata>
<record xmlns="http://www.loc.gov/MARC21/slim" xmlns:xsi="http://www.w3.org/2001/XMLSchema-instance" xsi:schemaLocation="http://www.loc.gov/MARC21/slim http://www.loc.gov/standards/marcxml/schema/MARC21slim.xsd"><leader>02463nam a2200649 c 4500</leader><controlfield tag="001">991000766929705502</controlfield><controlfield tag="005">20230619201711.0</controlfield><controlfield tag="008">201012s1982    it ||||| |||| 00| ||ita d</controlfield><datafield ind1=" " ind2=" " tag="020"><subfield code="a">8885007503</subfield></datafield><datafield ind1=" " ind2=" " tag="035"><subfield code="a">(swissbib)240803132-41slsp_network</subfield></datafield><datafield ind1=" " ind2=" " tag="035"><subfield code="a">240803132</subfield><subfield code="9">ExL</subfield></datafield><datafield ind1=" " ind2=" " tag="035"><subfield code="a">(RERO)0431119-41slsp</subfield></datafield><datafield ind1=" " ind2=" " tag="035"><subfield code="a">(IDSBB)000027895DSV01</subfield></datafield><datafield ind1=" " ind2=" " tag="035"><subfield code="a">(NEBIS)003168064EBI01</subfield></datafield><datafield ind1=" " ind2=" " tag="035"><subfield code="a">(EXLNZ-41SLSP_NETWORK)991114441439705501</subfield></datafield><datafield ind1=" " ind2=" " tag="040"><subfield code="a">RERO</subfield><subfield code="d">CH-ZuSLS</subfield></datafield><datafield ind1=" " ind2="7" tag="072"><subfield code="a">ar</subfield><subfield code="2">rero</subfield></datafield><datafield ind1=" " ind2="7" tag="072"><subfield code="a">ar</subfield><subfield code="2">SzZuIDS BS/BE</subfield></datafield><datafield ind1="1" ind2=" " tag="080"><subfield code="a">904(375):73</subfield></datafield><datafield ind1="0" ind2="0" tag="082"><subfield code="a">937/.6</subfield><subfield code="2">19</subfield></datafield><datafield ind1="0" ind2="4" tag="082"><subfield code="a">930.10945</subfield><subfield code="b">M425, v.5</subfield></datafield><datafield ind1="1" ind2="4" tag="082"><subfield code="a">930</subfield><subfield code="2">15</subfield></datafield><datafield ind1=" " ind2=" " tag="084"><subfield code="a">6,14</subfield><subfield code="2">ssgn</subfield></datafield><datafield ind1=" " ind2=" " tag="084"><subfield code="a">LF 7255</subfield><subfield code="2">rvk</subfield></datafield><datafield ind1="1" ind2=" " tag="100"><subfield code="a">Comella, Annamaria</subfield><subfield code="0">(IDREF)029320143</subfield><subfield code="4">cre</subfield></datafield><datafield ind1="1" ind2="0" tag="245"><subfield code="a">&lt;&lt;Il&gt;&gt; deposito votivo presso l'Ara della Regina</subfield><subfield code="c">Annamaria Comello ; con appendice sulle monete di Luciano Camilli</subfield></datafield><datafield ind1=" " ind2="1" tag="264"><subfield code="a">Roma</subfield><subfield code="b">G. Bretschneider</subfield><subfield code="c">1982</subfield></datafield><datafield ind1=" " ind2=" " tag="300"><subfield code="a">XII, 242 p., 126 f. de pl.</subfield><subfield code="c">25 cm</subfield></datafield><datafield ind1=" " ind2=" " tag="336"><subfield code="b">txt</subfield><subfield code="2">rdacontent</subfield></datafield><datafield ind1=" " ind2=" " tag="337"><subfield code="b">n</subfield><subfield code="2">rdamedia</subfield></datafield><datafield ind1=" " ind2=" " tag="338"><subfield code="b">nc</subfield><subfield code="2">rdacarrier</subfield></datafield><datafield ind1="1" ind2=" " tag="490"><subfield code="a">Materiali del Museo archeologico nazionale di Tarquinia</subfield><subfield code="v">4</subfield></datafield><datafield ind1="1" ind2=" " tag="490"><subfield code="a">Archaeologica</subfield><subfield code="v">22</subfield></datafield><datafield ind1="2" ind2="0" tag="610"><subfield code="a">Museo archeologico nazionale di Tarquinia</subfield><subfield code="v">Catalogs</subfield></datafield><datafield ind1=" " ind2="7" tag="650"><subfield code="a">Ex-voto étrusques</subfield><subfield code="0">(RERO)A024912213</subfield><subfield code="2">rero</subfield></datafield><datafield ind1=" " ind2="7" tag="650"><subfield code="a">Votiv</subfield><subfield code="2">idsbb</subfield></datafield><datafield ind1=" " ind2="7" tag="650"><subfield code="a">Votiv</subfield><subfield code="x">Museum</subfield><subfield code="2">idsbb</subfield></datafield><datafield ind1=" " ind2="7" tag="650"><subfield code="a">Funde</subfield><subfield code="0">(DE-588)4071507-3</subfield><subfield code="2">gnd</subfield></datafield><datafield ind1=" " ind2="7" tag="650"><subfield code="a">Katalog</subfield><subfield code="0">(DE-588)4163417-2</subfield><subfield code="2">gnd</subfield></datafield><datafield ind1=" " ind2="7" tag="650"><subfield code="a">Schwarzfigurige Vasenmalerei</subfield><subfield code="0">(DE-588)4124160-5</subfield><subfield code="2">gnd</subfield></datafield><datafield ind1=" " ind2="7" tag="650"><subfield code="a">Weihegabe</subfield><subfield code="0">(DE-588)4125252-4</subfield><subfield code="2">gnd</subfield></datafield><datafield ind1=" " ind2="0" tag="650"><subfield code="a">Etruscans</subfield><subfield code="z">Italy</subfield><subfield code="z">Tarquinia</subfield></datafield><datafield ind1=" " ind2="0" tag="650"><subfield code="a">Vases, Greek</subfield><subfield code="z">Italy</subfield><subfield code="z">Tarquinia</subfield><subfield code="v">Catalogs</subfield></datafield><datafield ind1=" " ind2="0" tag="650"><subfield code="a">Votive offerings</subfield><subfield code="v">Catalogs</subfield><subfield code="z">Italy</subfield><subfield code="z">Tarquinia</subfield></datafield><datafield ind1=" " ind2="7" tag="651"><subfield code="a">Tarquinia (Italie)</subfield><subfield code="x">Ara della Regina</subfield><subfield code="0">(IDREF)138882797</subfield><subfield code="2">idref</subfield></datafield><datafield ind1=" " ind2="7" tag="651"><subfield code="a">Tarquinia</subfield><subfield code="x">Archäologie</subfield><subfield code="2">idsbb</subfield></datafield><datafield ind1=" " ind2="7" tag="651"><subfield code="a">Tarquinia</subfield><subfield code="x">Museum</subfield><subfield code="2">idsbb</subfield></datafield><datafield ind1=" " ind2="7" tag="651"><subfield code="a">Athen</subfield><subfield code="0">(DE-588)4003366-1</subfield><subfield code="2">gnd</subfield></datafield><datafield ind1=" " ind2="7" tag="651"><subfield code="a">Tarquinia</subfield><subfield code="0">(DE-588)4105777-6</subfield><subfield code="2">gnd</subfield></datafield><datafield ind1=" " ind2="0" tag="651"><subfield code="a">Italy</subfield><subfield code="v">Catalogs</subfield><subfield code="x">Antiquities</subfield></datafield><datafield ind1=" " ind2="0" tag="651"><subfield code="a">Tarquinia (Italy)</subfield><subfield code="v">Catalogs</subfield><subfield code="x">Antiquities</subfield></datafield><datafield ind1=" " ind2="7" tag="655"><subfield code="a">Inventar</subfield><subfield code="2">gnd-content</subfield></datafield><datafield ind1=" " ind2=" " tag="690"><subfield code="a">Ausgrabung / Einzelne Gebiete und Orte / Europa / Italien / 1980- ersch.</subfield><subfield code="2">uzb-Z9</subfield></datafield><datafield ind1="1" ind2=" " tag="700"><subfield code="a">Camilli, Luciano</subfield><subfield code="d">19..-....</subfield><subfield code="0">(IDREF)118894323</subfield></datafield><datafield ind1=" " ind2="0" tag="830"><subfield code="a">Archaeologica</subfield><subfield code="p">Bretschneider</subfield><subfield code="v">22</subfield><subfield code="w">(NEBIS)000988673EBI01</subfield></datafield><datafield ind1=" " ind2="0" tag="830"><subfield code="a">Materiali del Museo archeologico nazionale di Tarquinia</subfield><subfield code="v">4</subfield><subfield code="w">(RERO)0287659-41slsp</subfield></datafield><datafield ind1=" " ind2=" " tag="900"><subfield code="a">IDSZRMedeaZBZ</subfield></datafield><datafield ind1=" " ind2=" " tag="900"><subfield code="f">IDSU2medea</subfield></datafield></record>
</metadata></record>