<record><header><identifier>oai:alma.41SLSP_UGE:991000767449705502</identifier><datestamp>2023-03-01T01:09:48Z</datestamp><setSpec>uge_bcen_RapidILL_BOOK</setSpec><setSpec>uge_aaca_RapidILL_BOOK</setSpec><setSpec>uge_abels_RapidILL_BOOK</setSpec><setSpec>uge_dbu_RapidILL_BOOK</setSpec><setSpec>uge_cmu_RapidILL_BOOK</setSpec><setSpec>uge_mail_RapidILL_BOOK</setSpec><setSpec>UNIGE_ALL</setSpec><setSpec>uge_abbat_RapidILL_BOOK</setSpec><setSpec>uge_aobs_RapidILL_BOOK</setSpec><setSpec>uge_acar_RapidILL_BOOK</setSpec></header><metadata>
<record xmlns="http://www.loc.gov/MARC21/slim" xmlns:xsi="http://www.w3.org/2001/XMLSchema-instance" xsi:schemaLocation="http://www.loc.gov/MARC21/slim http://www.loc.gov/standards/marcxml/schema/MARC21slim.xsd"><leader>01723nam a2200481 c 4500</leader><controlfield tag="001">991000767449705502</controlfield><controlfield tag="005">20201230222124.0</controlfield><controlfield tag="008">201011s1970    it ||||| |||| 00| ||ita d</controlfield><datafield ind1=" " ind2=" " tag="035"><subfield code="a">(swissbib)225925958-41slsp_network</subfield></datafield><datafield ind1=" " ind2=" " tag="035"><subfield code="a">225925958</subfield><subfield code="9">ExL</subfield></datafield><datafield ind1=" " ind2=" " tag="035"><subfield code="a">(RERO)R006306590-41slsp</subfield></datafield><datafield ind1=" " ind2=" " tag="035"><subfield code="a">(IDSBB)000631108DSV01</subfield></datafield><datafield ind1=" " ind2=" " tag="035"><subfield code="a">(NEBIS)006611295EBI01</subfield></datafield><datafield ind1=" " ind2=" " tag="035"><subfield code="a">(EXLNZ-41SLSP_NETWORK)991055513059705501</subfield></datafield><datafield ind1=" " ind2=" " tag="040"><subfield code="a">BDF</subfield><subfield code="d">CH-ZuSLS</subfield></datafield><datafield ind1=" " ind2="7" tag="072"><subfield code="a">gr</subfield><subfield code="2">rero</subfield></datafield><datafield ind1=" " ind2="7" tag="072"><subfield code="a">ag</subfield><subfield code="2">SzZuIDS BS/BE</subfield></datafield><datafield ind1="0" ind2="4" tag="082"><subfield code="a">184</subfield></datafield><datafield ind1="1" ind2="4" tag="082"><subfield code="a">188</subfield><subfield code="2">22</subfield></datafield><datafield ind1="1" ind2="4" tag="082"><subfield code="a">930</subfield><subfield code="2">15</subfield></datafield><datafield ind1="1" ind2="4" tag="082"><subfield code="a">184</subfield><subfield code="2">14</subfield></datafield><datafield ind1="1" ind2=" " tag="100"><subfield code="a">Untersteiner, Mario</subfield><subfield code="0">(RERO)A003922290</subfield><subfield code="4">cre</subfield></datafield><datafield ind1="1" ind2="0" tag="245"><subfield code="a">Posidonio nei placita di Platone secondo Diogene Laerzio III</subfield><subfield code="c">Mario Untersteiner</subfield></datafield><datafield ind1=" " ind2="1" tag="264"><subfield code="a">Brescia</subfield><subfield code="b">Paideia</subfield><subfield code="c">[1970]</subfield></datafield><datafield ind1=" " ind2="4" tag="264"><subfield code="c">© 1970</subfield></datafield><datafield ind1=" " ind2=" " tag="300"><subfield code="a">124 p.</subfield><subfield code="c">22 cm.</subfield></datafield><datafield ind1=" " ind2=" " tag="336"><subfield code="b">txt</subfield><subfield code="2">rdacontent</subfield></datafield><datafield ind1=" " ind2=" " tag="337"><subfield code="b">n</subfield><subfield code="2">rdamedia</subfield></datafield><datafield ind1=" " ind2=" " tag="338"><subfield code="b">nc</subfield><subfield code="2">rdacarrier</subfield></datafield><datafield ind1="1" ind2=" " tag="490"><subfield code="a">Antichità classica e cristiana</subfield><subfield code="v">7</subfield></datafield><datafield ind1=" " ind2=" " tag="500"><subfield code="a">Bibliogr. p. 117-124</subfield></datafield><datafield ind1="0" ind2="7" tag="600"><subfield code="a">Diogenes</subfield><subfield code="c">Laertius</subfield><subfield code="d">ca. 3. Jh.</subfield><subfield code="t">Vitae philosophorum</subfield><subfield code="0">(DE-588)4228568-9</subfield><subfield code="2">gnd</subfield></datafield><datafield ind1="0" ind2="7" tag="600"><subfield code="a">Diogenes</subfield><subfield code="c">Laertius</subfield><subfield code="d">ca. 3. Jh.</subfield><subfield code="t">Vitae philosophorum</subfield><subfield code="p">Posidonius</subfield><subfield code="0">(DE-588)4381310-0</subfield><subfield code="2">gnd</subfield></datafield><datafield ind1="0" ind2="7" tag="600"><subfield code="a">Posidonius</subfield><subfield code="c">Rhodius</subfield><subfield code="d">v135-v50</subfield><subfield code="0">(DE-588)118595946</subfield><subfield code="2">gnd</subfield></datafield><datafield ind1="0" ind2="0" tag="600"><subfield code="a">Diogenes Laertius</subfield><subfield code="t">Lives, teachings, and sayings of famous philosophers</subfield></datafield><datafield ind1="0" ind2="0" tag="600"><subfield code="a">Plato</subfield></datafield><datafield ind1="0" ind2="0" tag="600"><subfield code="a">Posidonius</subfield></datafield><datafield ind1="4" ind2="2" tag="856"><subfield code="u">http://catalogue.bnf.fr/ark:/12148/cb37420214p</subfield></datafield><datafield ind1=" " ind2=" " tag="830"><subfield code="a">Antichità classica e cristiana</subfield><subfield code="v">7</subfield><subfield code="w">(IDSBB)000036789DSV01</subfield></datafield><datafield ind1=" " ind2=" " tag="830"><subfield code="a">Antichità classica e cristiana</subfield><subfield code="v">7</subfield><subfield code="w">(RERO)0022086-41slsp</subfield></datafield><datafield ind1=" " ind2=" " tag="900"><subfield code="a">REROnoselfmerge</subfield></datafield><datafield ind1=" " ind2=" " tag="900"><subfield code="a">IDSZRMedeaZBZ</subfield><subfield code="b">IDSZRSWK</subfield></datafield><datafield ind1=" " ind2=" " tag="900"><subfield code="a">IDSU2remark</subfield><subfield code="f">IDSU2medea</subfield></datafield><datafield ind1=" " ind2=" " tag="910"><subfield code="a">OCoLC</subfield><subfield code="b">20111005</subfield><subfield code="c">Droits réservés</subfield></datafield></record>
</metadata></record><record><header status="deleted"><identifier>oai:alma.41SLSP_UGE:991000767239705502</identifier><datestamp>2024-07-27T00:09:41Z</datestamp><setSpec>uge_bcen_RapidILL_BOOK</setSpec><setSpec>uge_aaca_RapidILL_BOOK</setSpec><setSpec>uge_abels_RapidILL_BOOK</setSpec><setSpec>uge_dbu_RapidILL_BOOK</setSpec><setSpec>uge_cmu_RapidILL_BOOK</setSpec><setSpec>uge_mail_RapidILL_BOOK</setSpec><setSpec>uge_abbat_RapidILL_BOOK</setSpec><setSpec>UNIGE_ALL</setSpec><setSpec>uge_acar_RapidILL_BOOK</setSpec><setSpec>uge_aobs_RapidILL_BOOK</setSpec></header></record>