<record><header><identifier>oai:alma.41SLSP_UGE:991000767549705502</identifier><datestamp>2023-05-23T00:14:01Z</datestamp><setSpec>uge_bcen_RapidILL_BOOK</setSpec><setSpec>uge_aaca_RapidILL_BOOK</setSpec><setSpec>uge_abels_RapidILL_BOOK</setSpec><setSpec>uge_dbu_RapidILL_BOOK</setSpec><setSpec>uge_cmu_RapidILL_BOOK</setSpec><setSpec>uge_mail_RapidILL_BOOK</setSpec><setSpec>uge_abbat_RapidILL_BOOK</setSpec><setSpec>UNIGE_ALL</setSpec><setSpec>uge_aobs_RapidILL_BOOK</setSpec><setSpec>uge_acar_RapidILL_BOOK</setSpec></header><metadata>
<record xmlns="http://www.loc.gov/MARC21/slim" xmlns:xsi="http://www.w3.org/2001/XMLSchema-instance" xsi:schemaLocation="http://www.loc.gov/MARC21/slim http://www.loc.gov/standards/marcxml/schema/MARC21slim.xsd"><leader>01857nam a2200505 c 4500</leader><controlfield tag="001">991000767549705502</controlfield><controlfield tag="005">20230516185505.0</controlfield><controlfield tag="008">201011s1976    gw ||||| |||| 00| ||ger d</controlfield><datafield ind1=" " ind2=" " tag="020"><subfield code="a">3534053192</subfield></datafield><datafield ind1=" " ind2=" " tag="035"><subfield code="a">(swissbib)224061070-41slsp_network</subfield></datafield><datafield ind1=" " ind2=" " tag="035"><subfield code="a">224061070</subfield><subfield code="9">ExL</subfield></datafield><datafield ind1=" " ind2=" " tag="035"><subfield code="a">(RERO)0101846-41slsp</subfield></datafield><datafield ind1=" " ind2=" " tag="035"><subfield code="a">(IDSLU)000202889ILU01</subfield></datafield><datafield ind1=" " ind2=" " tag="035"><subfield code="a">(NEBIS)000079792EBI01</subfield></datafield><datafield ind1=" " ind2=" " tag="035"><subfield code="a">(IDSBB)000390598DSV01</subfield></datafield><datafield ind1=" " ind2=" " tag="035"><subfield code="a">(EXLNZ-41SLSP_NETWORK)991038130169705501</subfield></datafield><datafield ind1=" " ind2=" " tag="040"><subfield code="a">RERO</subfield><subfield code="d">CH-ZuSLS</subfield></datafield><datafield ind1=" " ind2="7" tag="072"><subfield code="a">ba</subfield><subfield code="2">rero</subfield></datafield><datafield ind1=" " ind2="7" tag="072"><subfield code="a">ar</subfield><subfield code="2">rero</subfield></datafield><datafield ind1=" " ind2="7" tag="072"><subfield code="a">ar</subfield><subfield code="2">SzZuIDS BS/BE</subfield></datafield><datafield ind1="1" ind2=" " tag="080"><subfield code="a">904(38):73</subfield></datafield><datafield ind1="0" ind2="0" tag="082"><subfield code="a">733/.3</subfield></datafield><datafield ind1="1" ind2="4" tag="082"><subfield code="a">930</subfield><subfield code="2">15</subfield></datafield><datafield ind1="1" ind2="4" tag="082"><subfield code="a">733/.3</subfield></datafield><datafield ind1="0" ind2="0" tag="245"><subfield code="a">Archaische Plastik der Griechen</subfield><subfield code="c">hrsg. von Wilhelm Kraiker</subfield></datafield><datafield ind1=" " ind2="1" tag="264"><subfield code="a">Darmstadt</subfield><subfield code="b">Wissenschaftliche Buchgesellschaft</subfield><subfield code="c">1976</subfield></datafield><datafield ind1=" " ind2=" " tag="300"><subfield code="a">273 p.</subfield><subfield code="b">fig.</subfield><subfield code="c">20 cm</subfield></datafield><datafield ind1=" " ind2=" " tag="336"><subfield code="b">txt</subfield><subfield code="2">rdacontent</subfield></datafield><datafield ind1=" " ind2=" " tag="337"><subfield code="b">n</subfield><subfield code="2">rdamedia</subfield></datafield><datafield ind1=" " ind2=" " tag="338"><subfield code="b">nc</subfield><subfield code="2">rdacarrier</subfield></datafield><datafield ind1="1" ind2=" " tag="490"><subfield code="a">Wege der Forschung</subfield><subfield code="v">Bd. 309</subfield></datafield><datafield ind1=" " ind2="7" tag="650"><subfield code="a">Sculpture grecque</subfield><subfield code="0">(IDREF)027248445</subfield><subfield code="2">idref</subfield></datafield><datafield ind1=" " ind2="7" tag="650"><subfield code="a">Plastik</subfield><subfield code="0">(DE-588)4046277-8</subfield><subfield code="2">gnd</subfield></datafield><datafield ind1=" " ind2="0" tag="650"><subfield code="a">Sculpture, Greek</subfield></datafield><datafield ind1=" " ind2="7" tag="650"><subfield code="a">GRIECHISCH-KLASSISCHE BILDHAUEREI (KUNST)</subfield><subfield code="9">ger</subfield><subfield code="0">(ETHUDK)000046238</subfield><subfield code="2">ethudk</subfield></datafield><datafield ind1=" " ind2="7" tag="650"><subfield code="a">SKULPTUREN + STATUEN + BÜSTEN (BILDHAUEREI)</subfield><subfield code="9">ger</subfield><subfield code="0">(ETHUDK)000035758</subfield><subfield code="2">ethudk</subfield></datafield><datafield ind1=" " ind2="7" tag="655"><subfield code="a">[Études diverses]</subfield><subfield code="0">(RERO)A022249905</subfield><subfield code="2">rero</subfield></datafield><datafield ind1=" " ind2=" " tag="690"><subfield code="a">Plastik. Griechenland. Geschichte. Altertum. 8/5. Jh.</subfield><subfield code="2">rzs-L1</subfield></datafield><datafield ind1=" " ind2="7" tag="651"><subfield code="a">Grèce</subfield><subfield code="y">800-500 av. J.-C. (Époque archaïque)</subfield><subfield code="0">(IDREF)027433684</subfield><subfield code="2">idref</subfield></datafield><datafield ind1="1" ind2=" " tag="700"><subfield code="a">Kraiker, W.</subfield></datafield><datafield ind1="1" ind2=" " tag="700"><subfield code="a">Kraiker, Wilhelm</subfield><subfield code="d">1899-1987</subfield><subfield code="0">(IDREF)070204551</subfield></datafield><datafield ind1=" " ind2="0" tag="830"><subfield code="a">Wege der Forschung</subfield><subfield code="v">309</subfield><subfield code="w">(IDSBB)000006852DSV01</subfield></datafield><datafield ind1=" " ind2="0" tag="830"><subfield code="a">Wege der Forschung</subfield><subfield code="v">309</subfield><subfield code="w">(NEBIS)000038687EBI01</subfield></datafield><datafield ind1=" " ind2="0" tag="830"><subfield code="a">Wege der Forschung</subfield><subfield code="v">309</subfield><subfield code="w">(IDSLU)000204019ILU01</subfield></datafield><datafield ind1=" " ind2=" " tag="900"><subfield code="a">IDSZRMedeaZBZ</subfield><subfield code="b">IDSZRSWK</subfield></datafield><datafield ind1=" " ind2=" " tag="900"><subfield code="f">IDSU2medea</subfield></datafield></record>
</metadata></record>