<record><header><identifier>oai:alma.41SLSP_UGE:991000767029705502</identifier><datestamp>2024-03-09T01:33:27Z</datestamp><setSpec>uge_bcen_RapidILL_BOOK</setSpec><setSpec>uge_aaca_RapidILL_BOOK</setSpec><setSpec>uge_abels_RapidILL_BOOK</setSpec><setSpec>uge_dbu_RapidILL_BOOK</setSpec><setSpec>uge_cmu_RapidILL_BOOK</setSpec><setSpec>uge_mail_RapidILL_BOOK</setSpec><setSpec>uge_abbat_RapidILL_BOOK</setSpec><setSpec>UNIGE_ALL</setSpec><setSpec>uge_aobs_RapidILL_BOOK</setSpec><setSpec>uge_acar_RapidILL_BOOK</setSpec></header><metadata>
<record xmlns="http://www.loc.gov/MARC21/slim" xmlns:xsi="http://www.w3.org/2001/XMLSchema-instance" xsi:schemaLocation="http://www.loc.gov/MARC21/slim http://www.loc.gov/standards/marcxml/schema/MARC21slim.xsd"><leader>05535nam a2200817 c 4500</leader><controlfield tag="001">991000767029705502</controlfield><controlfield tag="005">20240308061022.0</controlfield><controlfield tag="008">201011t19961996gw            00| | ger d</controlfield><datafield ind1=" " ind2=" " tag="020"><subfield code="a">340634500X</subfield></datafield><datafield ind1="7" ind2=" " tag="024"><subfield code="a">http://catalogue.bnf.fr/ark:/12148/cb370305261</subfield><subfield code="2">uri</subfield></datafield><datafield ind1=" " ind2=" " tag="035"><subfield code="a">(swissbib)214213412-41slsp_network</subfield></datafield><datafield ind1=" " ind2=" " tag="035"><subfield code="a">214213412</subfield><subfield code="9">ExL</subfield></datafield><datafield ind1=" " ind2=" " tag="035"><subfield code="a">(IDSLU)000094297ILU01</subfield></datafield><datafield ind1=" " ind2=" " tag="035"><subfield code="a">(NEBIS)001816014EBI01</subfield></datafield><datafield ind1=" " ind2=" " tag="035"><subfield code="a">(IDSSG)000134022HSB01</subfield></datafield><datafield ind1=" " ind2=" " tag="035"><subfield code="a">(IDSBB)001316708DSV01</subfield></datafield><datafield ind1=" " ind2=" " tag="035"><subfield code="a">(RERO)2295176-41slsp</subfield></datafield><datafield ind1=" " ind2=" " tag="035"><subfield code="a">(ABN)000082178ABN01</subfield></datafield><datafield ind1=" " ind2=" " tag="035"><subfield code="a">(EXLNZ-41SLSP_NETWORK)991110673089705501</subfield></datafield><datafield ind1=" " ind2=" " tag="040"><subfield code="a">SzZuIDS LU LUZHB</subfield><subfield code="b">ger</subfield><subfield code="e">rda</subfield><subfield code="d">CH-ZuSLS</subfield></datafield><datafield ind1=" " ind2="7" tag="072"><subfield code="a">760</subfield><subfield code="2">IDS LU</subfield></datafield><datafield ind1=" " ind2="7" tag="072"><subfield code="a">th</subfield><subfield code="2">SzZuIDS BS/BE</subfield></datafield><datafield ind1=" " ind2="7" tag="072"><subfield code="a">th</subfield><subfield code="2">rero</subfield></datafield><datafield ind1=" " ind2="7" tag="072"><subfield code="a">al</subfield><subfield code="2">rero</subfield></datafield><datafield ind1="1" ind2=" " tag="080"><subfield code="a">1(09):14</subfield></datafield><datafield ind1="0" ind2="0" tag="082"><subfield code="a">248.2/2/09</subfield><subfield code="2">20</subfield></datafield><datafield ind1="0" ind2="4" tag="082"><subfield code="a">248.2/2/09 20</subfield><subfield code="2">22ger</subfield></datafield><datafield ind1="0" ind2="4" tag="082"><subfield code="a">248.22</subfield><subfield code="b">RUH</subfield></datafield><datafield ind1="7" ind2="4" tag="082"><subfield code="a">200</subfield><subfield code="2">23</subfield></datafield><datafield ind1=" " ind2=" " tag="084"><subfield code="a">BM 1200</subfield><subfield code="2">rvk</subfield></datafield><datafield ind1=" " ind2=" " tag="084"><subfield code="a">CC 8500</subfield><subfield code="2">rvk</subfield></datafield><datafield ind1=" " ind2=" " tag="084"><subfield code="a">GE 8603</subfield><subfield code="2">rvk</subfield></datafield><datafield ind1="1" ind2=" " tag="100"><subfield code="6">880-01</subfield><subfield code="a">Ruh, Kurt</subfield><subfield code="d">1914-2002</subfield><subfield code="0">(DE-588)11860404X</subfield><subfield code="e">Verfasser</subfield><subfield code="4">aut</subfield></datafield><datafield ind1="1" ind2=" " tag="880"><subfield code="6">100-01</subfield><subfield code="a">Ruh, Kurt</subfield><subfield code="d">1914-2002</subfield><subfield code="0">(IDREF)028429060</subfield><subfield code="4">cre</subfield></datafield><datafield ind1="1" ind2="0" tag="245"><subfield code="a">&lt;&lt;Die&gt;&gt; Mystik des deutschen Predigerordens und ihre Grundlegung durch die Hochscholastik</subfield><subfield code="c">Kurt Ruh</subfield></datafield><datafield ind1=" " ind2="1" tag="264"><subfield code="a">München</subfield><subfield code="b">Verlag C.H.Beck</subfield><subfield code="c">[1996]</subfield></datafield><datafield ind1=" " ind2="4" tag="264"><subfield code="c">© 1996</subfield></datafield><datafield ind1=" " ind2=" " tag="300"><subfield code="a">534 S.</subfield><subfield code="b">Ill.</subfield><subfield code="c">23 cm</subfield></datafield><datafield ind1=" " ind2=" " tag="336"><subfield code="b">txt</subfield><subfield code="2">rdacontent</subfield></datafield><datafield ind1=" " ind2=" " tag="337"><subfield code="b">n</subfield><subfield code="2">rdamedia</subfield></datafield><datafield ind1=" " ind2=" " tag="338"><subfield code="b">nc</subfield><subfield code="2">rdacarrier</subfield></datafield><datafield ind1="1" ind2=" " tag="490"><subfield code="a">Geschichte der abendländischen Mystik / Kurt Ruh</subfield><subfield code="v">dritter Band</subfield></datafield><datafield ind1="2" ind2="7" tag="610"><subfield code="a">Dominikaner</subfield><subfield code="0">(DE-588)1008640-7</subfield><subfield code="2">gnd</subfield></datafield><datafield ind1=" " ind2="7" tag="648"><subfield code="a">Geschichte 1250-1350</subfield><subfield code="2">gnd</subfield></datafield><datafield ind1=" " ind2="7" tag="650"><subfield code="a">Mystische Theologie</subfield><subfield code="0">(DE-588)4219305-9</subfield><subfield code="2">gnd</subfield></datafield><datafield ind1=" " ind2="7" tag="650"><subfield code="a">Mystik</subfield><subfield code="0">(DE-588)4041003-1</subfield><subfield code="2">gnd</subfield></datafield><datafield ind1=" " ind2="7" tag="650"><subfield code="a">Scholastik</subfield><subfield code="0">(DE-588)4053169-7</subfield><subfield code="2">gnd</subfield></datafield><datafield ind1=" " ind2="7" tag="650"><subfield code="a">Christentum</subfield><subfield code="0">(DE-588)4010074-1</subfield><subfield code="2">gnd</subfield></datafield><datafield ind1=" " ind2="0" tag="650"><subfield code="a">Monasticism and religious orders</subfield><subfield code="x">History</subfield><subfield code="y">Middle Ages, 600-1500</subfield></datafield><datafield ind1=" " ind2="0" tag="650"><subfield code="a">Mysticism</subfield><subfield code="x">History</subfield></datafield><datafield ind1=" " ind2="0" tag="650"><subfield code="a">Mysticism</subfield><subfield code="x">History</subfield><subfield code="y">Middle Ages, 600-1500</subfield></datafield><datafield ind1=" " ind2="0" tag="650"><subfield code="a">Mysticism</subfield><subfield code="z">Europe</subfield></datafield><datafield ind1=" " ind2="7" tag="650"><subfield code="a">Mystik</subfield><subfield code="z">deutsche</subfield><subfield code="y">Geschichte 13. Jh</subfield><subfield code="2">idsbb</subfield></datafield><datafield ind1=" " ind2="7" tag="650"><subfield code="a">Mystik</subfield><subfield code="z">deutsche</subfield><subfield code="y">Geschichte 14. Jh</subfield><subfield code="2">idsbb</subfield></datafield><datafield ind1=" " ind2="7" tag="650"><subfield code="a">mystique allemande</subfield><subfield code="0">(RERO)A010012910</subfield><subfield code="2">rerovoc</subfield></datafield><datafield ind1=" " ind2="7" tag="650"><subfield code="a">Dominicains (ordre religieux)</subfield><subfield code="0">(IDREF)027266559</subfield><subfield code="2">idref</subfield></datafield><datafield ind1=" " ind2="7" tag="650"><subfield code="a">12e siècle-14e siècle</subfield><subfield code="2">idref</subfield></datafield><datafield ind1=" " ind2="7" tag="651"><subfield code="a">Europa</subfield><subfield code="0">(DE-588)4015701-5</subfield><subfield code="2">gnd</subfield></datafield><datafield ind1=" " ind2=" " tag="690"><subfield code="a">Mystik, B: Dominikaner. Geschichte. M.A.</subfield><subfield code="2">rzs-L1</subfield></datafield><datafield ind1=" " ind2=" " tag="690"><subfield code="a">Dominikaner, B: Mystik. Geschichte. M.A.</subfield><subfield code="2">rzs-L1</subfield></datafield><datafield ind1=" " ind2=" " tag="690"><subfield code="a">Mystik, Franziskanische, Frauen</subfield><subfield code="2">rzs-KK</subfield></datafield><datafield ind1=" " ind2=" " tag="690"><subfield code="a">Theologie; Scholastik; Meister; Schrift; Erkenntnis; Geistliche; Leben; Literatur; Kommentar; Areopagita; Corpus; Est; Et; Germar; Mensch; Geschichte; Albertus; Aquino; Orden; Beck; Berg; Gallus; Magnus; Maimonides; Prozess; Armut; Bewusstsein; Wahrheit; Weisheit</subfield><subfield code="2">idssg-J</subfield></datafield><datafield ind1=" " ind2=" " tag="690"><subfield code="a">Hochscholastik; Gotteserkenntnis; Kartäuser-Mystik; Predigtcorpus; Selbsterkenntnis; Stufenmystik; Grundlegung; Predigerorden; Quellenschrift; Autorbewusstsein; Briefsammlung; Häresieprozess; Lehrgespräch; Predigerleben; Albertus-Magnus-Zitation; Eckhart-Zeit; Freiberg; Heerschar; NiederRhein; Personenregister; Predigtsprache; Predigtthema; Sprachkunst; Sterngasse; Trefffurt</subfield><subfield code="2">idssg-J</subfield></datafield><datafield ind1=" " ind2=" " tag="690"><subfield code="a">Achtunddreißigstes Kapitel; Dreiunddreißigstes Kapitel; Einunddreißigstes Kapitel; Fünfunddreißigstes Kapitel; Neununddreißigstes Kapitel; Sechsunddreißigstes Kapitel; Siebenunddreißigstes Kapitel; Vierunddreißigstes Kapitel; Zweiunddreißigstes Kapitel; abendländische Mystik; abgekürzte Literatur; deutscher Predigerorden; dionysische Theologie; dominikanischer Prediger; dreifacher Mensch; dreißigstes Kapitel; dritte Band; ewig Lebennes; ewige Weisheit; geistige Armut; moralischer Rigorismus; mystische Theologie; neues Profil; neuplatonische Quellenschrift; pariser Quästion; scholastische Nachfolge; sechster Teil; spätes Jahrhundert; vierzigstes Kapitel</subfield><subfield code="2">idssg-J</subfield></datafield><datafield ind1=" " ind2=" " tag="690"><subfield code="a">Bayern C4EUGE; Italien C4EUIT; Schweiz C4EXSI; Deutschland C4EUGE; Niederlande C4EUNE</subfield><subfield code="2">idssg-J</subfield></datafield><datafield ind1=" " ind2=" " tag="690"><subfield code="a">Achtunddreißigst Kapitel Dominikanische Prediger; Albrecht; B. Seuses; Beck; C. H; C. Meister Eckharts; Dionysius Areopagita; dominikanisch Prediger; Dreiunddreißigst Kapitel Thomas; dreißigst Kapitel Neuplatonische Quellenschriften; Einunddreißigst Kapitel Dionysius; Fünfunddreißigst Kapitel Dietrich; Hochscholastik Abgekürzte Literatur; Johannes Franke; Kurt RUH; moralisch Rigorismus Selbsterkenntnis; Moses Maimonides; Mystik Dritter Band; Neununddreißigst Kapitel Heinrich Seuse; Paradisus anime intelligentis; Person Werk; Ponte; Pseudo- Tauleriana; Robert Grosseteste Lincolniensis; Sechsunddreißigst Kapitel Meister Eckhart; Siebenunddreißigst Kapitel Scholastische Nachfolge; Stufenmystik Abstieg Taulers Neuplatonismus; Thomas Gallus Vercellensis; Vierunddreißigst Kapitel Kartäuser-Mystik; vierzigst Kapitel Johannes Tauler; Zweiunddreißigst Kapitel Albertus Magnus</subfield><subfield code="2">idssg-J</subfield></datafield><datafield ind1="1" ind2=" " tag="800"><subfield code="a">Ruh, Kurt</subfield><subfield code="d">1914-2002</subfield><subfield code="t">Geschichte der abendländischen Mystik</subfield><subfield code="v">3</subfield><subfield code="w">(NEBIS)000992832EBI01</subfield></datafield><datafield ind1="1" ind2=" " tag="800"><subfield code="a">Ruh, Kurt</subfield><subfield code="t">Geschichte der abendländischen Mystik</subfield><subfield code="v">3</subfield><subfield code="w">(IDSSG)000043719HSB01</subfield></datafield><datafield ind1="4" ind2=" " tag="856"><subfield code="3">Inhaltsverzeichnis</subfield><subfield code="u">https://www.ub.unibas.ch/tox/IDSLUZ/000094297/PDF</subfield><subfield code="q">pdf</subfield></datafield><datafield ind1=" " ind2=" " tag="900"><subfield code="a">Stoppsignal FRED</subfield><subfield code="x">UBE/B410/202105</subfield></datafield><datafield ind1=" " ind2=" " tag="900"><subfield code="a">REROnoselfmerge</subfield></datafield><datafield ind1=" " ind2=" " tag="949"><subfield code="a">https://www.ub.unibas.ch/tox/IDSLUZ/000094297/PDF</subfield></datafield></record>
</metadata></record>