<record><header><identifier>oai:alma.41SLSP_UGE:991000767009705502</identifier><datestamp>2023-07-01T00:18:19Z</datestamp><setSpec>uge_bcen_RapidILL_BOOK</setSpec><setSpec>uge_aaca_RapidILL_BOOK</setSpec><setSpec>uge_abels_RapidILL_BOOK</setSpec><setSpec>uge_dbu_RapidILL_BOOK</setSpec><setSpec>uge_cmu_RapidILL_BOOK</setSpec><setSpec>uge_mail_RapidILL_BOOK</setSpec><setSpec>uge_abbat_RapidILL_BOOK</setSpec><setSpec>UNIGE_ALL</setSpec><setSpec>uge_aobs_RapidILL_BOOK</setSpec><setSpec>uge_acar_RapidILL_BOOK</setSpec></header><metadata>
<record xmlns="http://www.loc.gov/MARC21/slim" xmlns:xsi="http://www.w3.org/2001/XMLSchema-instance" xsi:schemaLocation="http://www.loc.gov/MARC21/slim http://www.loc.gov/standards/marcxml/schema/MARC21slim.xsd"><leader>01395naa a2200289 c 4500</leader><controlfield tag="001">991000767009705502</controlfield><controlfield tag="005">20230630205736.0</controlfield><controlfield tag="008">960928s1956    sz ||||| |||| 00| ||ger d</controlfield><datafield ind1=" " ind2=" " tag="035"><subfield code="a">(swissbib)079739733-41slsp_network</subfield></datafield><datafield ind1=" " ind2=" " tag="035"><subfield code="a">079739733</subfield><subfield code="9">ExL</subfield></datafield><datafield ind1=" " ind2=" " tag="035"><subfield code="a">(RERO)0563505-41slsp</subfield></datafield><datafield ind1=" " ind2=" " tag="035"><subfield code="a">(EXLNZ-41SLSP_NETWORK)991102422669705501</subfield></datafield><datafield ind1=" " ind2=" " tag="040"><subfield code="a">RERO</subfield><subfield code="d">CH-ZuSLS</subfield></datafield><datafield ind1=" " ind2=" " tag="044"><subfield code="a">sz</subfield><subfield code="c">ch-bs</subfield></datafield><datafield ind1=" " ind2="7" tag="072"><subfield code="a">dr</subfield><subfield code="2">rero</subfield></datafield><datafield ind1=" " ind2=" " tag="084"><subfield code="a">CA/CH 70.1 i</subfield><subfield code="2">cjurrom</subfield></datafield><datafield ind1=" " ind2=" " tag="084"><subfield code="a">CA/CH 70.1 e</subfield><subfield code="2">cjurrom</subfield></datafield><datafield ind1="1" ind2=" " tag="100"><subfield code="a">Friedrich, Hans-Peter</subfield><subfield code="0">(RERO)A003265078</subfield><subfield code="4">aut</subfield></datafield><datafield ind1="1" ind2="0" tag="245"><subfield code="a">&lt;&lt;Die&gt;&gt; Wiedereinführung des Stockwerkseigentums in der Schweiz</subfield><subfield code="c">Referat von Hans-Peter Friedrich</subfield></datafield><datafield ind1=" " ind2=" " tag="336"><subfield code="b">txt</subfield><subfield code="2">rdacontent</subfield></datafield><datafield ind1=" " ind2=" " tag="337"><subfield code="b">n</subfield><subfield code="2">rdamedia</subfield></datafield><datafield ind1=" " ind2=" " tag="338"><subfield code="b">nc</subfield><subfield code="2">rdacarrier</subfield></datafield><datafield ind1=" " ind2=" " tag="580"><subfield code="a">In: Verhandlungen des schweizerischen Juristenvereins. - Basel. - 1956, H. 1, S. 1a-261a</subfield></datafield><datafield ind1=" " ind2=" " tag="580"><subfield code="a">In: Zeitschrift für schweizerisches Recht. - Basel. - N. F., Bd. 75(1956), Halbd. 2, S. 1a-261a</subfield></datafield><datafield ind1=" " ind2="7" tag="650"><subfield code="a">Stockwerkeigentum</subfield><subfield code="9">ger</subfield><subfield code="0">(RERO)jurivoc000021591ger</subfield><subfield code="2">jurivoc</subfield></datafield><datafield ind1=" " ind2="7" tag="651"><subfield code="a">Schweiz</subfield><subfield code="9">ger</subfield><subfield code="0">(RERO)jurivoc000019912ger</subfield><subfield code="2">jurivoc</subfield></datafield><datafield ind1="0" ind2=" " tag="773"><subfield code="t">Verhandlungen des Schweizerischen Juristenvereins = Actes de la Société suisse des juristes = Atti della Società svizzera dei giuristi</subfield><subfield code="g">1956/1a</subfield><subfield code="g">yr:1956</subfield><subfield code="w">(RERO)0114747-41slsp</subfield></datafield><datafield ind1="0" ind2=" " tag="773"><subfield code="t">Zeitschrift für schweizerisches Recht = Revue de droit suisse = Rivista di diritto svizzero</subfield><subfield code="g">1956/2/1a</subfield><subfield code="w">(RERO)0063074-41slsp</subfield></datafield></record>
</metadata></record>