<record><header><identifier>oai:alma.41SLSP_UGE:991000766599705502</identifier><datestamp>2023-03-01T01:09:48Z</datestamp><setSpec>uge_bcen_RapidILL_BOOK</setSpec><setSpec>uge_aaca_RapidILL_BOOK</setSpec><setSpec>uge_abels_RapidILL_BOOK</setSpec><setSpec>uge_dbu_RapidILL_BOOK</setSpec><setSpec>uge_cmu_RapidILL_BOOK</setSpec><setSpec>uge_mail_RapidILL_BOOK</setSpec><setSpec>UNIGE_ALL</setSpec><setSpec>uge_abbat_RapidILL_BOOK</setSpec><setSpec>uge_aobs_RapidILL_BOOK</setSpec><setSpec>uge_acar_RapidILL_BOOK</setSpec></header><metadata>
<record xmlns="http://www.loc.gov/MARC21/slim" xmlns:xsi="http://www.w3.org/2001/XMLSchema-instance" xsi:schemaLocation="http://www.loc.gov/MARC21/slim http://www.loc.gov/standards/marcxml/schema/MARC21slim.xsd"><leader>01140nam a2200289 c 4500</leader><controlfield tag="001">991000766599705502</controlfield><controlfield tag="005">20201225182433.0</controlfield><controlfield tag="008">940110s1993    si ||||| |||| 10| ||eng d</controlfield><datafield ind1=" " ind2=" " tag="020"><subfield code="a">9810213034</subfield></datafield><datafield ind1=" " ind2=" " tag="035"><subfield code="a">(swissbib)088327256-41slsp_network</subfield></datafield><datafield ind1=" " ind2=" " tag="035"><subfield code="a">088327256</subfield><subfield code="9">ExL</subfield></datafield><datafield ind1=" " ind2=" " tag="035"><subfield code="a">(RERO)1793792-41slsp</subfield></datafield><datafield ind1=" " ind2=" " tag="035"><subfield code="a">(EXLNZ-41SLSP_NETWORK)991044497209705501</subfield></datafield><datafield ind1=" " ind2=" " tag="040"><subfield code="a">RERO lauspy</subfield><subfield code="d">CH-ZuSLS</subfield></datafield><datafield ind1=" " ind2="7" tag="072"><subfield code="a">py</subfield><subfield code="2">rero</subfield></datafield><datafield ind1="0" ind2="0" tag="245"><subfield code="a">Calorimetry in high energy physics</subfield><subfield code="b">Proceedings of the 3rd International Conference on calorimetry in high energy physics, Corpus Christi, Texas, Sept. 29-Oct. 2, 1992</subfield><subfield code="c">ed. Phyllis Hale and James Siegrist</subfield></datafield><datafield ind1=" " ind2="1" tag="264"><subfield code="a">Singapore</subfield><subfield code="a">New Jersey [etc.]</subfield><subfield code="b">World Scientific</subfield><subfield code="c">[1993]</subfield></datafield><datafield ind1=" " ind2="4" tag="264"><subfield code="c">© 1993</subfield></datafield><datafield ind1=" " ind2=" " tag="300"><subfield code="a">XIV, 822 p.</subfield><subfield code="b">ill.</subfield><subfield code="c">23 cm</subfield></datafield><datafield ind1=" " ind2=" " tag="336"><subfield code="b">txt</subfield><subfield code="2">rdacontent</subfield></datafield><datafield ind1=" " ind2=" " tag="337"><subfield code="b">n</subfield><subfield code="2">rdamedia</subfield></datafield><datafield ind1=" " ind2=" " tag="338"><subfield code="b">nc</subfield><subfield code="2">rdacarrier</subfield></datafield><datafield ind1=" " ind2=" " tag="500"><subfield code="a">Congrès de physique. Corpus Christi. 1992</subfield></datafield><datafield ind1=" " ind2=" " tag="504"><subfield code="a">Bibliogr</subfield></datafield><datafield ind1="1" ind2=" " tag="700"><subfield code="a">Hale, Phyllis</subfield><subfield code="0">(RERO)A003341874</subfield></datafield><datafield ind1="1" ind2=" " tag="700"><subfield code="a">Siegrist, James</subfield><subfield code="0">(RERO)A003830490</subfield></datafield><datafield ind1="2" ind2=" " tag="711"><subfield code="a">International conference on calorimetry in high energy physics</subfield><subfield code="n">3</subfield><subfield code="d">1992</subfield><subfield code="c">Corpus Christi, Texas</subfield><subfield code="0">(RERO)A012472995</subfield></datafield><datafield ind1=" " ind2=" " tag="900"><subfield code="a">REROnoselfmerge</subfield></datafield></record>
</metadata></record>