<record><header><identifier>oai:alma.41SLSP_UGE:991000784959705502</identifier><datestamp>2023-03-21T01:09:39Z</datestamp><setSpec>uge_bcen_RapidILL_BOOK</setSpec><setSpec>uge_aaca_RapidILL_BOOK</setSpec><setSpec>uge_abels_RapidILL_BOOK</setSpec><setSpec>uge_dbu_RapidILL_BOOK</setSpec><setSpec>uge_cmu_RapidILL_BOOK</setSpec><setSpec>uge_mail_RapidILL_BOOK</setSpec><setSpec>uge_abbat_RapidILL_BOOK</setSpec><setSpec>UNIGE_ALL</setSpec><setSpec>uge_acar_RapidILL_BOOK</setSpec><setSpec>uge_aobs_RapidILL_BOOK</setSpec></header><metadata>
<record xmlns="http://www.loc.gov/MARC21/slim" xmlns:xsi="http://www.w3.org/2001/XMLSchema-instance" xsi:schemaLocation="http://www.loc.gov/MARC21/slim http://www.loc.gov/standards/marcxml/schema/MARC21slim.xsd"><leader>03691nam a2200781 c 4500</leader><controlfield tag="001">991000784959705502</controlfield><controlfield tag="005">20230320065804.0</controlfield><controlfield tag="008">201012s2002    sp ||||| |||| 00| ||cat d</controlfield><datafield ind1=" " ind2=" " tag="020"><subfield code="a">8439359411</subfield></datafield><datafield ind1=" " ind2=" " tag="035"><subfield code="a">(swissbib)239066820-41slsp_network</subfield></datafield><datafield ind1=" " ind2=" " tag="035"><subfield code="a">239066820</subfield><subfield code="9">ExL</subfield></datafield><datafield ind1=" " ind2=" " tag="035"><subfield code="a">(RERO)R003697884-41slsp</subfield></datafield><datafield ind1=" " ind2=" " tag="035"><subfield code="a">(NEBIS)005053876EBI01</subfield></datafield><datafield ind1=" " ind2=" " tag="035"><subfield code="a">(IDSBB)003079485DSV01</subfield></datafield><datafield ind1=" " ind2=" " tag="035"><subfield code="a">(EXLNZ-41SLSP_NETWORK)991107843959705501</subfield></datafield><datafield ind1=" " ind2=" " tag="040"><subfield code="a">RERO geussa</subfield><subfield code="d">CH-ZuSLS</subfield></datafield><datafield ind1="0" ind2=" " tag="041"><subfield code="a">spa</subfield><subfield code="a">cat</subfield></datafield><datafield ind1=" " ind2="7" tag="072"><subfield code="a">ar</subfield><subfield code="2">rero</subfield></datafield><datafield ind1=" " ind2="7" tag="072"><subfield code="a">ur</subfield><subfield code="2">SzZuIDS BS/BE</subfield></datafield><datafield ind1="1" ind2="4" tag="082"><subfield code="a">930</subfield><subfield code="2">15</subfield></datafield><datafield ind1="0" ind2="0" tag="245"><subfield code="a">&lt;&lt;La&gt;&gt; Collecció Bento del Museu d'arqueologia de Catalunya</subfield><subfield code="b">una nova mirada a la prehistòria de Madrid = La colección Bento del Museu d'arqueologia de Catalunya : una nueva mirada a la prehistoria de Madrid</subfield><subfield code="c">Javier Baena Preysler ... [et al.] ; coord. Ma Concepción Blasco Bosqued</subfield></datafield><datafield ind1="1" ind2=" " tag="246"><subfield code="a">Colección Bento del Museu d'arqueologia de Catalunya</subfield><subfield code="b">una nueva mirada a la prehistoria de Madrid</subfield></datafield><datafield ind1="1" ind2="1" tag="246"><subfield code="a">&lt;&lt;La&gt;&gt; Colección Bento del Museu d'Arqueologia de Catalunya</subfield></datafield><datafield ind1="1" ind2=" " tag="246"><subfield code="a">&lt;&lt;La&gt;&gt; colección Bento del Museu d'Arqueologia de Catalunya</subfield><subfield code="b">una nueva mirada a la prehistoria de Madrid</subfield></datafield><datafield ind1=" " ind2="1" tag="264"><subfield code="a">Barcelona</subfield><subfield code="b">Museu d'arqueologia de Catalunya</subfield><subfield code="c">2002</subfield></datafield><datafield ind1=" " ind2=" " tag="300"><subfield code="a">335 p.</subfield><subfield code="b">ill.</subfield><subfield code="c">30 cm</subfield></datafield><datafield ind1=" " ind2=" " tag="336"><subfield code="b">txt</subfield><subfield code="2">rdacontent</subfield></datafield><datafield ind1=" " ind2=" " tag="337"><subfield code="b">n</subfield><subfield code="2">rdamedia</subfield></datafield><datafield ind1=" " ind2=" " tag="338"><subfield code="b">nc</subfield><subfield code="2">rdacarrier</subfield></datafield><datafield ind1="1" ind2=" " tag="490"><subfield code="a">Mongrafies</subfield><subfield code="v">3</subfield></datafield><datafield ind1="1" ind2=" " tag="490"><subfield code="a">Monografies / Museu d'Arqueologia de Catalunya, Barcelona</subfield><subfield code="v">3</subfield></datafield><datafield ind1=" " ind2=" " tag="500"><subfield code="a">Texte en castillan, préliminaires en catalan et castillan</subfield></datafield><datafield ind1=" " ind2=" " tag="500"><subfield code="a">Text span., Einführung katalan. und span.</subfield></datafield><datafield ind1="2" ind2="7" tag="610"><subfield code="a">Museo arqueológico nacional</subfield><subfield code="g">Madrid</subfield><subfield code="0">(IDREF)077373405</subfield><subfield code="2">idref</subfield></datafield><datafield ind1="2" ind2="7" tag="610"><subfield code="a">Museu d'Arqueologia de Catalunya</subfield><subfield code="0">(DE-588)5206318-5</subfield><subfield code="2">gnd</subfield></datafield><datafield ind1=" " ind2="7" tag="650"><subfield code="a">Archéologie</subfield><subfield code="0">(IDREF)02726971X</subfield><subfield code="2">idref</subfield></datafield><datafield ind1=" " ind2="7" tag="650"><subfield code="a">collection</subfield><subfield code="0">(RERO)A009971137</subfield><subfield code="2">rerovoc</subfield></datafield><datafield ind1=" " ind2="7" tag="650"><subfield code="a">Préhistoire</subfield><subfield code="0">(IDREF)027243524</subfield><subfield code="2">idref</subfield></datafield><datafield ind1=" " ind2="7" tag="650"><subfield code="a">Céramique</subfield><subfield code="0">(IDREF)027277399</subfield><subfield code="2">idref</subfield></datafield><datafield ind1=" " ind2="7" tag="650"><subfield code="a">Néolithique</subfield><subfield code="0">(IDREF)027476510</subfield><subfield code="2">idref</subfield></datafield><datafield ind1=" " ind2="7" tag="650"><subfield code="a">Âge du bronze</subfield><subfield code="0">(IDREF)027268691</subfield><subfield code="2">idref</subfield></datafield><datafield ind1=" " ind2="7" tag="650"><subfield code="a">Solutréen</subfield><subfield code="0">(IDREF)029152607</subfield><subfield code="2">idref</subfield></datafield><datafield ind1=" " ind2="7" tag="650"><subfield code="a">CATALUNYA, AUTONOME GEMEINSCHAFT (SPANIEN)</subfield><subfield code="9">ger</subfield><subfield code="0">(ETHUDK)000004074</subfield><subfield code="2">ethudk</subfield></datafield><datafield ind1=" " ind2="7" tag="650"><subfield code="a">COMUNIDAD DE MADRID, AUTONOME GEMEINSCHAFT (SPANIEN)</subfield><subfield code="9">ger</subfield><subfield code="0">(ETHUDK)000004053</subfield><subfield code="2">ethudk</subfield></datafield><datafield ind1=" " ind2="7" tag="650"><subfield code="a">FRUEHGESCHICHTE</subfield><subfield code="9">ger</subfield><subfield code="0">(ETHUDK)000036599</subfield><subfield code="2">ethudk</subfield></datafield><datafield ind1=" " ind2="7" tag="650"><subfield code="a">FUNDE + BODENFUNDE (VORGESCHICHTE)</subfield><subfield code="9">ger</subfield><subfield code="0">(ETHUDK)000048615</subfield><subfield code="2">ethudk</subfield></datafield><datafield ind1=" " ind2="7" tag="650"><subfield code="a">MUSEUMSKATALOGE</subfield><subfield code="9">ger</subfield><subfield code="0">(ETHUDK)000009327</subfield><subfield code="2">ethudk</subfield></datafield><datafield ind1=" " ind2="7" tag="650"><subfield code="a">VORGESCHICHTLICHE ARCHAEOLOGIE + VORGESCHICHTE</subfield><subfield code="9">ger</subfield><subfield code="0">(ETHUDK)000036570</subfield><subfield code="2">ethudk</subfield></datafield><datafield ind1=" " ind2="7" tag="651"><subfield code="a">Madrid (Espagne)</subfield><subfield code="0">(IDREF)027303632</subfield><subfield code="2">idref</subfield></datafield><datafield ind1=" " ind2="7" tag="651"><subfield code="a">Ibérique, Péninsule</subfield><subfield code="0">(IDREF)027234274</subfield><subfield code="2">idref</subfield></datafield><datafield ind1=" " ind2="7" tag="651"><subfield code="a">Espagne</subfield><subfield code="0">(IDREF)027224406</subfield><subfield code="2">idref</subfield></datafield><datafield ind1=" " ind2="7" tag="651"><subfield code="a">Madrid</subfield><subfield code="y">Geschichte Urgeschichte</subfield><subfield code="2">idsbb</subfield></datafield><datafield ind1=" " ind2="7" tag="651"><subfield code="a">Madrid</subfield><subfield code="x">Archäologie</subfield><subfield code="2">idsbb</subfield></datafield><datafield ind1=" " ind2="7" tag="651"><subfield code="a">Madrid</subfield><subfield code="x">Museum</subfield><subfield code="2">idsbb</subfield></datafield><datafield ind1=" " ind2=" " tag="690"><subfield code="a">Siedlung - epochenübergreifend</subfield><subfield code="2">ubs-A8</subfield></datafield><datafield ind1=" " ind2=" " tag="690"><subfield code="a">Waffe - Bronzezeit</subfield><subfield code="2">ubs-A8</subfield></datafield><datafield ind1=" " ind2=" " tag="690"><subfield code="a">Gefäss - Neolithikum</subfield><subfield code="2">ubs-A8</subfield></datafield><datafield ind1=" " ind2=" " tag="690"><subfield code="a">Archäozoologie - epochenübergreifend - Spanien</subfield><subfield code="2">ubs-A8</subfield></datafield><datafield ind1=" " ind2=" " tag="690"><subfield code="a">epochenübergreifend - Spanien</subfield><subfield code="2">ubs-A8</subfield></datafield><datafield ind1=" " ind2=" " tag="690"><subfield code="a">Spanien - Madrid</subfield><subfield code="2">ubs-A8</subfield></datafield><datafield ind1="1" ind2=" " tag="700"><subfield code="a">Bento López, José</subfield></datafield><datafield ind1="1" ind2=" " tag="700"><subfield code="a">Blasco Bosqued, María Concepción</subfield><subfield code="0">(DE-588)1057179507</subfield><subfield code="6">880-02</subfield></datafield><datafield ind1="1" ind2=" " tag="880"><subfield code="a">Blasco Bosqued, María Concepción</subfield><subfield code="0">(RERO)A003012919</subfield><subfield code="6">700-02</subfield></datafield><datafield ind1="1" ind2=" " tag="700"><subfield code="a">Baena Preysler, Javier</subfield><subfield code="0">(IDREF)050674692</subfield></datafield><datafield ind1="2" ind2=" " tag="710"><subfield code="a">Museu d'Arqueologia de Catalunya</subfield><subfield code="0">(DE-588)5206318-5</subfield></datafield><datafield ind1=" " ind2="0" tag="830"><subfield code="a">Mongrafies</subfield><subfield code="v">3</subfield></datafield><datafield ind1=" " ind2=" " tag="830"><subfield code="a">Monografies</subfield><subfield code="v">3</subfield><subfield code="w">(IDSBB)003079477DSV01</subfield></datafield><datafield ind1=" " ind2=" " tag="900"><subfield code="a">REROnoselfmerge</subfield></datafield><datafield ind1=" " ind2=" " tag="900"><subfield code="f">IDSU2medea</subfield></datafield></record>
</metadata></record>