<record><header><identifier>oai:alma.41SLSP_UGE:991000785689705502</identifier><datestamp>2023-04-08T00:12:23Z</datestamp><setSpec>uge_bcen_RapidILL_BOOK</setSpec><setSpec>uge_aaca_RapidILL_BOOK</setSpec><setSpec>uge_abels_RapidILL_BOOK</setSpec><setSpec>uge_dbu_RapidILL_BOOK</setSpec><setSpec>uge_cmu_RapidILL_BOOK</setSpec><setSpec>uge_mail_RapidILL_BOOK</setSpec><setSpec>uge_abbat_RapidILL_BOOK</setSpec><setSpec>UNIGE_ALL</setSpec><setSpec>uge_acar_RapidILL_BOOK</setSpec><setSpec>uge_aobs_RapidILL_BOOK</setSpec></header><metadata>
<record xmlns="http://www.loc.gov/MARC21/slim" xmlns:xsi="http://www.w3.org/2001/XMLSchema-instance" xsi:schemaLocation="http://www.loc.gov/MARC21/slim http://www.loc.gov/standards/marcxml/schema/MARC21slim.xsd"><leader>01730nam a2200445 c 4500</leader><controlfield tag="001">991000785689705502</controlfield><controlfield tag="005">20230407123232.0</controlfield><controlfield tag="008">000920s1972    ne ||||| |||| 11| ||eng d</controlfield><datafield ind1=" " ind2=" " tag="020"><subfield code="a">9021940035</subfield><subfield code="q">Excerpta Medica</subfield></datafield><datafield ind1=" " ind2=" " tag="020"><subfield code="a">0444103724</subfield><subfield code="q">American Elsevier</subfield></datafield><datafield ind1=" " ind2=" " tag="035"><subfield code="a">(swissbib)076495868-41slsp_network</subfield></datafield><datafield ind1=" " ind2=" " tag="035"><subfield code="a">076495868</subfield><subfield code="9">ExL</subfield></datafield><datafield ind1=" " ind2=" " tag="035"><subfield code="a">(RERO)0014313-41slsp</subfield></datafield><datafield ind1=" " ind2=" " tag="035"><subfield code="a">(EXLNZ-41SLSP_NETWORK)991085201979705501</subfield></datafield><datafield ind1=" " ind2=" " tag="040"><subfield code="a">RERO</subfield><subfield code="d">CH-ZuSLS</subfield></datafield><datafield ind1=" " ind2="7" tag="072"><subfield code="a">me</subfield><subfield code="2">rero</subfield></datafield><datafield ind1=" " ind2="7" tag="072"><subfield code="a">bi</subfield><subfield code="2">rero</subfield></datafield><datafield ind1="0" ind2="0" tag="245"><subfield code="a">Lipids, malnutrition and the developing brain</subfield><subfield code="b">a Ciba Foundation Symposium jointly with the Nestlé Foundation in memory of Norman Wright</subfield><subfield code="c">[eds. Katherine Elliott and Julie Knight]</subfield></datafield><datafield ind1=" " ind2="1" tag="264"><subfield code="a">Amsterdam</subfield><subfield code="a">London [etc.]</subfield><subfield code="b">Elsevier</subfield><subfield code="b">Excerpta Medica [etc.]</subfield><subfield code="c">1972</subfield></datafield><datafield ind1=" " ind2=" " tag="300"><subfield code="a">VIII</subfield><subfield code="e">326 p.</subfield><subfield code="b">ill.</subfield><subfield code="c">24 cm</subfield></datafield><datafield ind1=" " ind2=" " tag="336"><subfield code="b">txt</subfield><subfield code="2">rdacontent</subfield></datafield><datafield ind1=" " ind2=" " tag="337"><subfield code="b">n</subfield><subfield code="2">rdamedia</subfield></datafield><datafield ind1=" " ind2=" " tag="338"><subfield code="b">nc</subfield><subfield code="2">rdacarrier</subfield></datafield><datafield ind1="1" ind2=" " tag="490"><subfield code="a">A Ciba Foundation Symposium</subfield><subfield code="v">n.s. 3</subfield></datafield><datafield ind1=" " ind2="2" tag="650"><subfield code="a">Lipids</subfield><subfield code="x">metabolism</subfield></datafield><datafield ind1=" " ind2="2" tag="650"><subfield code="a">Nutrition</subfield></datafield><datafield ind1=" " ind2="7" tag="650"><subfield code="a">Cerveau</subfield><subfield code="0">(IDREF)027730298</subfield><subfield code="2">idref</subfield></datafield><datafield ind1=" " ind2="7" tag="650"><subfield code="a">Malnutrition</subfield><subfield code="0">(IDREF)027578232</subfield><subfield code="2">idref</subfield></datafield><datafield ind1=" " ind2="7" tag="650"><subfield code="a">Lipides</subfield><subfield code="0">(IDREF)027658449</subfield><subfield code="2">idref</subfield></datafield><datafield ind1=" " ind2="7" tag="650"><subfield code="a">Biologie du développement</subfield><subfield code="0">(IDREF)027576132</subfield><subfield code="2">idref</subfield></datafield><datafield ind1=" " ind2="7" tag="650"><subfield code="a">Enfants</subfield><subfield code="0">(IDREF)027233278</subfield><subfield code="2">idref</subfield></datafield><datafield ind1=" " ind2="2" tag="651"><subfield code="a">Great Britain</subfield></datafield><datafield ind1=" " ind2="2" tag="655"><subfield code="a">Congress</subfield></datafield><datafield ind1=" " ind2="7" tag="655"><subfield code="a">Actes de congrès</subfield><subfield code="0">(IDREF)02886431X</subfield><subfield code="2">idref</subfield></datafield><datafield ind1="1" ind2=" " tag="700"><subfield code="a">Elliott, Katherine</subfield><subfield code="0">(RERO)A003214696</subfield></datafield><datafield ind1="1" ind2=" " tag="700"><subfield code="a">Knight, Julie</subfield><subfield code="0">(IDREF)081544928</subfield></datafield><datafield ind1="1" ind2=" " tag="700"><subfield code="a">Wright, Norman</subfield><subfield code="0">(RERO)A012314620</subfield></datafield><datafield ind1="2" ind2=" " tag="710"><subfield code="a">Ciba Foundation (London)</subfield><subfield code="b">Symposium</subfield><subfield code="d">1971</subfield><subfield code="c">London</subfield><subfield code="0">(IDREF)126121540</subfield></datafield><datafield ind1="2" ind2=" " tag="710"><subfield code="a">Nestlé Foundation (Vevey)</subfield><subfield code="0">(RERO)A003635472</subfield></datafield><datafield ind1=" " ind2="0" tag="830"><subfield code="a">Ciba Foundation Symposium</subfield><subfield code="v">3</subfield><subfield code="w">(RERO)0009453-41slsp</subfield></datafield><datafield ind1=" " ind2=" " tag="900"><subfield code="a">REROnoselfmerge</subfield></datafield></record>
</metadata></record>