<record><header><identifier>oai:alma.41SLSP_UGE:991000785169705502</identifier><datestamp>2024-03-15T01:22:31Z</datestamp><setSpec>uge_bcen_RapidILL_BOOK</setSpec><setSpec>uge_aaca_RapidILL_BOOK</setSpec><setSpec>uge_abels_RapidILL_BOOK</setSpec><setSpec>uge_dbu_RapidILL_BOOK</setSpec><setSpec>uge_cmu_RapidILL_BOOK</setSpec><setSpec>uge_mail_RapidILL_BOOK</setSpec><setSpec>uge_abbat_RapidILL_BOOK</setSpec><setSpec>UNIGE_ALL</setSpec><setSpec>uge_acar_RapidILL_BOOK</setSpec><setSpec>uge_aobs_RapidILL_BOOK</setSpec></header><metadata>
<record xmlns="http://www.loc.gov/MARC21/slim" xmlns:xsi="http://www.w3.org/2001/XMLSchema-instance" xsi:schemaLocation="http://www.loc.gov/MARC21/slim http://www.loc.gov/standards/marcxml/schema/MARC21slim.xsd"><leader>00975nam a2200241 c 4500</leader><controlfield tag="001">991000785169705502</controlfield><controlfield tag="005">20240314213509.0</controlfield><controlfield tag="008">071029s1556    gw ||||| |||| 00| ||lat d</controlfield><datafield ind1=" " ind2=" " tag="035"><subfield code="a">(swissbib)105979465-41slsp_network</subfield></datafield><datafield ind1=" " ind2=" " tag="035"><subfield code="a">105979465</subfield><subfield code="9">ExL</subfield></datafield><datafield ind1=" " ind2=" " tag="035"><subfield code="a">(RERO)R004568735-41slsp</subfield></datafield><datafield ind1=" " ind2=" " tag="035"><subfield code="a">(EXLNZ-41SLSP_NETWORK)991111842789705501</subfield></datafield><datafield ind1=" " ind2=" " tag="040"><subfield code="a">RERO geuth-</subfield><subfield code="d">CH-ZuSLS</subfield></datafield><datafield ind1=" " ind2="7" tag="072"><subfield code="a">th</subfield><subfield code="2">rero</subfield></datafield><datafield ind1="1" ind2=" " tag="100"><subfield code="a">Herp, Henri</subfield><subfield code="d">14..-1477</subfield><subfield code="0">(IDREF)07907653X</subfield><subfield code="4">cre</subfield></datafield><datafield ind1="1" ind2="0" tag="245"><subfield code="a">Theologiae mysticae D. Henrici Harphii Theologi ... libri tres</subfield><subfield code="b">nunc denuò studio multo attentiori, quàm hactenus unquam ... castigati, plurimisque ad faciliorem intellectum facientibus commodis illustrati ...</subfield></datafield><datafield ind1=" " ind2="1" tag="264"><subfield code="a">Coloniae Agrippinae</subfield><subfield code="b">apud haeredes Arnoldi Birckmanni</subfield><subfield code="c">1556</subfield></datafield><datafield ind1=" " ind2=" " tag="300"><subfield code="a">[16], CCLIX f.</subfield><subfield code="c">31 cm (f°)</subfield></datafield><datafield ind1=" " ind2=" " tag="336"><subfield code="b">txt</subfield><subfield code="2">rdacontent</subfield></datafield><datafield ind1=" " ind2=" " tag="337"><subfield code="b">n</subfield><subfield code="2">rdamedia</subfield></datafield><datafield ind1=" " ind2=" " tag="338"><subfield code="b">nc</subfield><subfield code="2">rdacarrier</subfield></datafield><datafield ind1="1" ind2=" " tag="700"><subfield code="a">Birckmann, Arnold</subfield><subfield code="d">1525?-1576</subfield><subfield code="0">(IDREF)031110274</subfield><subfield code="4">prt</subfield></datafield><datafield ind1=" " ind2=" " tag="751"><subfield code="a">Köln</subfield><subfield code="4">pup</subfield><subfield code="0">(RERO)A000000224</subfield></datafield><datafield ind1=" " ind2=" " tag="900"><subfield code="a">REROswissbibnomerge</subfield></datafield></record>
</metadata></record>