<record><header><identifier>oai:alma.41SLSP_UGE:991000785269705502</identifier><datestamp>2024-07-12T00:07:42Z</datestamp><setSpec>uge_bcen_RapidILL_BOOK</setSpec><setSpec>uge_aaca_RapidILL_BOOK</setSpec><setSpec>uge_abels_RapidILL_BOOK</setSpec><setSpec>uge_dbu_RapidILL_BOOK</setSpec><setSpec>uge_cmu_RapidILL_BOOK</setSpec><setSpec>uge_mail_RapidILL_BOOK</setSpec><setSpec>uge_abbat_RapidILL_BOOK</setSpec><setSpec>UNIGE_ALL</setSpec><setSpec>uge_acar_RapidILL_BOOK</setSpec><setSpec>uge_aobs_RapidILL_BOOK</setSpec></header><metadata>
<record xmlns="http://www.loc.gov/MARC21/slim" xmlns:xsi="http://www.w3.org/2001/XMLSchema-instance" xsi:schemaLocation="http://www.loc.gov/MARC21/slim http://www.loc.gov/standards/marcxml/schema/MARC21slim.xsd"><leader>01681nam a2200385 c 4500</leader><controlfield tag="001">991000785269705502</controlfield><controlfield tag="005">20201227141603.0</controlfield><controlfield tag="008">951201s1993    fr ||||| |||| 00| ||fre d</controlfield><datafield ind1=" " ind2=" " tag="020"><subfield code="a">2110812990</subfield></datafield><datafield ind1="7" ind2=" " tag="024"><subfield code="a">http://catalogue.bnf.fr/ark:/12148/cb35595903h</subfield><subfield code="2">uri</subfield></datafield><datafield ind1=" " ind2=" " tag="035"><subfield code="a">(swissbib)090649915-41slsp_network</subfield></datafield><datafield ind1=" " ind2=" " tag="035"><subfield code="a">090649915</subfield><subfield code="9">ExL</subfield></datafield><datafield ind1=" " ind2=" " tag="035"><subfield code="a">(RERO)2117942-41slsp</subfield></datafield><datafield ind1=" " ind2=" " tag="035"><subfield code="a">(EXLNZ-41SLSP_NETWORK)991137770339705501</subfield></datafield><datafield ind1=" " ind2=" " tag="040"><subfield code="a">RERO geulfr</subfield><subfield code="d">CH-ZuSLS</subfield></datafield><datafield ind1="1" ind2=" " tag="041"><subfield code="a">fre</subfield><subfield code="h">ita</subfield></datafield><datafield ind1=" " ind2="7" tag="072"><subfield code="a">it</subfield><subfield code="2">rero</subfield></datafield><datafield ind1="1" ind2=" " tag="080"><subfield code="a">840&quot;17&quot;GOLD.C3</subfield></datafield><datafield ind1="1" ind2=" " tag="100"><subfield code="a">Goldoni, Carlo</subfield><subfield code="d">1707-1793</subfield><subfield code="0">(IDREF)026896095</subfield><subfield code="4">cre</subfield></datafield><datafield ind1="1" ind2="0" tag="245"><subfield code="a">&lt;&lt;Les&gt;&gt; amants timides</subfield><subfield code="c">Carlo Goldoni ; introd. trad. et notes de Lucie Comparini. L'Eventail / Carlo Goldoni ; introd., trad. et notes de Ginette Herry. Suivi de deux Canevas : Le fils d'Arlequin perdu et retrouvé ; La baguette magique / Carlo Goldoni</subfield></datafield><datafield ind1=" " ind2="1" tag="264"><subfield code="a">[Paris]</subfield><subfield code="b">Imprimerie nationale</subfield><subfield code="c">1993</subfield></datafield><datafield ind1=" " ind2=" " tag="300"><subfield code="a">338 p.</subfield><subfield code="b">front.</subfield><subfield code="c">21 cm</subfield></datafield><datafield ind1=" " ind2=" " tag="336"><subfield code="b">txt</subfield><subfield code="2">rdacontent</subfield></datafield><datafield ind1=" " ind2=" " tag="337"><subfield code="b">n</subfield><subfield code="2">rdamedia</subfield></datafield><datafield ind1=" " ind2=" " tag="338"><subfield code="b">nc</subfield><subfield code="2">rdacarrier</subfield></datafield><datafield ind1="1" ind2=" " tag="490"><subfield code="a">Les années françaises / Carlo Goldoni</subfield><subfield code="v">vol. 3</subfield></datafield><datafield ind1="1" ind2=" " tag="490"><subfield code="a">Le spectateur français</subfield></datafield><datafield ind1=" " ind2=" " tag="500"><subfield code="a">Traduit de: Gli amanti timidi o sia l'imbroglio de due ritratti ; Il ventaglio</subfield></datafield><datafield ind1="1" ind2=" " tag="700"><subfield code="a">Comparini, Lucie</subfield><subfield code="c">enseignante en langue et littérature italiennes</subfield><subfield code="d">1964-....</subfield><subfield code="0">(IDREF)056995806</subfield></datafield><datafield ind1="1" ind2=" " tag="700"><subfield code="a">Herry, Ginette</subfield><subfield code="0">(IDREF)026920727</subfield></datafield><datafield ind1="1" ind2="2" tag="700"><subfield code="a">Goldoni, Carlo</subfield><subfield code="d">1707-1793</subfield><subfield code="t">&lt;&lt;L'&gt;&gt;éventail</subfield></datafield><datafield ind1="1" ind2="2" tag="700"><subfield code="a">Goldoni, Carlo</subfield><subfield code="d">1707-1793</subfield><subfield code="t">&lt;&lt;Le&gt;&gt; fils d'Arlequin perdu et retrouvé</subfield></datafield><datafield ind1="1" ind2="2" tag="700"><subfield code="a">Goldoni, Carlo</subfield><subfield code="d">1707-1793</subfield><subfield code="t">&lt;&lt;La&gt;&gt; baguette magique</subfield></datafield><datafield ind1=" " ind2="0" tag="830"><subfield code="a">&lt;&lt;Le&gt;&gt; spectateur français</subfield></datafield><datafield ind1="1" ind2=" " tag="800"><subfield code="a">Goldoni, Carlo</subfield><subfield code="d">1707-1793</subfield><subfield code="t">&lt;&lt;Les&gt;&gt; années françaises</subfield><subfield code="v">3</subfield><subfield code="w">(RERO)1898816-41slsp</subfield></datafield><datafield ind1=" " ind2=" " tag="900"><subfield code="a">REROnoselfmerge</subfield></datafield></record>
</metadata></record>