<record><header><identifier>oai:alma.41SLSP_UGE:991000785479705502</identifier><datestamp>2024-09-28T00:19:35Z</datestamp><setSpec>uge_bcen_RapidILL_BOOK</setSpec><setSpec>uge_aaca_RapidILL_BOOK</setSpec><setSpec>uge_abels_RapidILL_BOOK</setSpec><setSpec>uge_dbu_RapidILL_BOOK</setSpec><setSpec>uge_cmu_RapidILL_BOOK</setSpec><setSpec>uge_mail_RapidILL_BOOK</setSpec><setSpec>uge_abbat_RapidILL_BOOK</setSpec><setSpec>UNIGE_ALL</setSpec><setSpec>uge_acar_RapidILL_BOOK</setSpec><setSpec>uge_aobs_RapidILL_BOOK</setSpec></header><metadata>
<record xmlns="http://www.loc.gov/MARC21/slim" xmlns:xsi="http://www.w3.org/2001/XMLSchema-instance" xsi:schemaLocation="http://www.loc.gov/MARC21/slim http://www.loc.gov/standards/marcxml/schema/MARC21slim.xsd"><leader>02379nam a2200565 c 4500</leader><controlfield tag="001">991000785479705502</controlfield><controlfield tag="005">20240927125243.0</controlfield><controlfield tag="008">201012s1967    sz ||||| |||| 00| ||fre d</controlfield><datafield ind1=" " ind2=" " tag="019"><subfield code="a">SPI Retro 80458</subfield></datafield><datafield ind1=" " ind2=" " tag="035"><subfield code="a">(swissbib)238390314-41slsp_network</subfield></datafield><datafield ind1=" " ind2=" " tag="035"><subfield code="a">238390314</subfield><subfield code="9">ExL</subfield></datafield><datafield ind1=" " ind2=" " tag="035"><subfield code="a">(RERO)0109378-41slsp</subfield></datafield><datafield ind1=" " ind2=" " tag="035"><subfield code="a">(NEBIS)004152753EBI01</subfield></datafield><datafield ind1=" " ind2=" " tag="035"><subfield code="a">(IDSBB)001499667DSV01</subfield></datafield><datafield ind1=" " ind2=" " tag="035"><subfield code="a">(ABN)000341394ABN01</subfield></datafield><datafield ind1=" " ind2=" " tag="035"><subfield code="a">(EXLNZ-41SLSP_NETWORK)991105686069705501</subfield></datafield><datafield ind1=" " ind2=" " tag="040"><subfield code="a">RERO</subfield><subfield code="d">CH-ZuSLS</subfield></datafield><datafield ind1=" " ind2=" " tag="044"><subfield code="a">sz</subfield><subfield code="c">ch-be</subfield></datafield><datafield ind1=" " ind2="7" tag="072"><subfield code="a">et</subfield><subfield code="2">rero</subfield></datafield><datafield ind1=" " ind2="7" tag="072"><subfield code="a">so</subfield><subfield code="2">rero</subfield></datafield><datafield ind1=" " ind2="7" tag="072"><subfield code="a">et</subfield><subfield code="2">SzZuIDS BS/BE</subfield></datafield><datafield ind1=" " ind2="7" tag="072"><subfield code="a">sz</subfield><subfield code="2">SzZuIDS BS/BE</subfield></datafield><datafield ind1="1" ind2="4" tag="082"><subfield code="a">300</subfield><subfield code="2">15</subfield></datafield><datafield ind1="1" ind2=" " tag="100"><subfield code="a">Berthoud, Gérald</subfield><subfield code="d">1935-....</subfield><subfield code="0">(IDREF)026724413</subfield><subfield code="4">cre</subfield></datafield><datafield ind1="1" ind2="0" tag="245"><subfield code="a">Changements économiques et sociaux de la montagne</subfield><subfield code="b">Vernamiège en Valais</subfield><subfield code="c">Gérald Berthoud ; préf. d'André Leroi-Gourhan</subfield></datafield><datafield ind1=" " ind2="1" tag="264"><subfield code="a">Berne</subfield><subfield code="b">Francke</subfield><subfield code="c">1967</subfield></datafield><datafield ind1=" " ind2=" " tag="300"><subfield code="a">237 p., 13 f. de pl.</subfield><subfield code="b">ill.</subfield><subfield code="c">24 cm</subfield></datafield><datafield ind1=" " ind2=" " tag="336"><subfield code="b">txt</subfield><subfield code="2">rdacontent</subfield></datafield><datafield ind1=" " ind2=" " tag="337"><subfield code="b">n</subfield><subfield code="2">rdamedia</subfield></datafield><datafield ind1=" " ind2=" " tag="338"><subfield code="b">nc</subfield><subfield code="2">rdacarrier</subfield></datafield><datafield ind1="1" ind2=" " tag="490"><subfield code="a">Travaux publiés sous les auspices de la Société suisse des sciences humaines</subfield><subfield code="v">8</subfield></datafield><datafield ind1=" " ind2=" " tag="504"><subfield code="a">Bibliogr.: p. 224-228</subfield></datafield><datafield ind1=" " ind2="7" tag="650"><subfield code="a">économie de montagne</subfield><subfield code="0">(RERO)A009985761</subfield><subfield code="2">rerovoc</subfield></datafield><datafield ind1=" " ind2="7" tag="650"><subfield code="a">Anthropologie</subfield><subfield code="0">(IDREF)027295370</subfield><subfield code="2">idref</subfield></datafield><datafield ind1=" " ind2="7" tag="650"><subfield code="a">Changement social</subfield><subfield code="0">(IDREF)027285626</subfield><subfield code="2">idref</subfield></datafield><datafield ind1=" " ind2="7" tag="650"><subfield code="a">Berglandwirtschaft</subfield><subfield code="0">(DE-STW)12936-4</subfield><subfield code="2">stw</subfield></datafield><datafield ind1=" " ind2="7" tag="651"><subfield code="a">Vernamiège (Suisse, VS)</subfield><subfield code="0">(RERO)A010164136</subfield><subfield code="2">rero</subfield></datafield><datafield ind1=" " ind2="0" tag="651"><subfield code="a">Vernamiège</subfield><subfield code="x">Economic conditions</subfield></datafield><datafield ind1=" " ind2="0" tag="651"><subfield code="a">Vernamiège</subfield><subfield code="x">Social conditions</subfield></datafield><datafield ind1=" " ind2=" " tag="690"><subfield code="a">Sozialer Wandel / Einzelne Gebiete und Orte / Europa / Schweiz</subfield><subfield code="2">uzb-Z9</subfield></datafield><datafield ind1=" " ind2=" " tag="690"><subfield code="a">Vernamiège</subfield><subfield code="2">uzb-Z9</subfield></datafield><datafield ind1=" " ind2=" " tag="690"><subfield code="a">Bergbevölkerung, Wallis, Vernamiège</subfield><subfield code="2">ubs-A6</subfield></datafield><datafield ind1=" " ind2=" " tag="690"><subfield code="a">Heimatkunde, Wallis, Vernamiège</subfield><subfield code="2">ubs-A6</subfield></datafield><datafield ind1=" " ind2=" " tag="690"><subfield code="a">Sozialer Wandel, Wallis, Vernamiège</subfield><subfield code="2">ubs-A6</subfield></datafield><datafield ind1=" " ind2=" " tag="691"><subfield code="e">EJ 1.c Wallis</subfield><subfield code="a">Switzerland, Wallis</subfield><subfield code="2">ubs-FH</subfield></datafield><datafield ind1=" " ind2=" " tag="830"><subfield code="a">Schriften herausgegeben unter dem Patronat der Schweizerischen Geisteswissenschaftlichen Gesellschaft</subfield><subfield code="v">8</subfield><subfield code="w">(IDSBB)000759605DSV01</subfield></datafield><datafield ind1=" " ind2=" " tag="830"><subfield code="a">Travaux publiés sous les auspices de la Société suisse des sciences humaines</subfield><subfield code="v">8</subfield><subfield code="w">(RERO)0019613-41slsp</subfield></datafield><datafield ind1=" " ind2=" " tag="830"><subfield code="a">Schriften herausgegeben unter dem Patronat der Schweizerischen Geisteswissenschaftlichen Gesellschaft</subfield><subfield code="v">8</subfield><subfield code="w">(NEBIS)000054508EBI01</subfield></datafield><datafield ind1=" " ind2=" " tag="900"><subfield code="a">REROnoselfmerge</subfield></datafield><datafield ind1=" " ind2=" " tag="900"><subfield code="a">IDSERSPInew</subfield></datafield><datafield ind1=" " ind2=" " tag="900"><subfield code="a">IDSAxvkvol</subfield></datafield></record>
</metadata></record>