<record><header><identifier>oai:alma.41SLSP_UGE:991000785489705502</identifier><datestamp>2023-03-01T01:09:48Z</datestamp><setSpec>uge_cmu_RapidILL_JOURNAL</setSpec><setSpec>uge_aobs_RapidILL_JOURNAL</setSpec><setSpec>uge_aaca_RapidILL_JOURNAL</setSpec><setSpec>uge_bcen_RapidILL_JOURNAL</setSpec><setSpec>uge_abbat_RapidILL_JOURNAL</setSpec><setSpec>uge_mail_RapidILL_JOURNAL</setSpec><setSpec>uge_dbu_RapidILL_JOURNAL</setSpec><setSpec>UNIGE_ALL</setSpec><setSpec>uge_abels_RapidILL_JOURNAL</setSpec><setSpec>uge_acar_RapidILL_JOURNAL</setSpec></header><metadata>
<record xmlns="http://www.loc.gov/MARC21/slim" xmlns:xsi="http://www.w3.org/2001/XMLSchema-instance" xsi:schemaLocation="http://www.loc.gov/MARC21/slim http://www.loc.gov/standards/marcxml/schema/MARC21slim.xsd"><leader>01326nas a2200373 c 4500</leader><controlfield tag="001">991000785489705502</controlfield><controlfield tag="005">20230208195141.0</controlfield><controlfield tag="008">201011c19629999xxk|| p|  ||| 0    0eng d</controlfield><datafield ind1=" " ind2=" " tag="022"><subfield code="a">0039-3207</subfield></datafield><datafield ind1=" " ind2=" " tag="035"><subfield code="a">(swissbib)230844685-41slsp_network</subfield></datafield><datafield ind1=" " ind2=" " tag="035"><subfield code="a">230844685</subfield><subfield code="9">ExL</subfield></datafield><datafield ind1=" " ind2=" " tag="035"><subfield code="a">(RERO)0277098-41slsp</subfield></datafield><datafield ind1=" " ind2=" " tag="035"><subfield code="a">(IDSBB)001543813DSV01</subfield></datafield><datafield ind1=" " ind2=" " tag="035"><subfield code="a">(NEBIS)000973923EBI01</subfield></datafield><datafield ind1=" " ind2=" " tag="035"><subfield code="a">(EXLNZ-41SLSP_NETWORK)991117146789705501</subfield></datafield><datafield ind1=" " ind2=" " tag="040"><subfield code="a">RERO</subfield><subfield code="d">CH-ZuSLS</subfield></datafield><datafield ind1="0" ind2=" " tag="041"><subfield code="a">eng</subfield><subfield code="a">ger</subfield><subfield code="a">fre</subfield></datafield><datafield ind1=" " ind2="7" tag="072"><subfield code="a">th</subfield><subfield code="2">rero</subfield></datafield><datafield ind1=" " ind2="7" tag="072"><subfield code="a">th</subfield><subfield code="2">SzZuIDS BS/BE</subfield></datafield><datafield ind1="0" ind2="0" tag="245"><subfield code="a">Studia liturgica</subfield><subfield code="b">an international ecumenical quarterly for liturgical research and renewal</subfield><subfield code="c">publ. by Studias Liturgica</subfield></datafield><datafield ind1="1" ind2=" " tag="246"><subfield code="a">SL (Studia liturgica)</subfield></datafield><datafield ind1=" " ind2="1" tag="264"><subfield code="a">Nieuwendam</subfield><subfield code="a">[then] Rotterdam</subfield><subfield code="a">[then] London</subfield><subfield code="b">Liturgical Ecumenical Center Trust</subfield><subfield code="b">Studias Liturgica</subfield></datafield><datafield ind1=" " ind2=" " tag="300"><subfield code="c">24 cm</subfield></datafield><datafield ind1=" " ind2=" " tag="336"><subfield code="b">txt</subfield><subfield code="2">rdacontent</subfield></datafield><datafield ind1=" " ind2=" " tag="337"><subfield code="b">n</subfield><subfield code="2">rdamedia</subfield></datafield><datafield ind1=" " ind2=" " tag="338"><subfield code="b">nc</subfield><subfield code="2">rdacarrier</subfield></datafield><datafield ind1="0" ind2=" " tag="362"><subfield code="a">Vol. 1(1962)-&gt;</subfield></datafield><datafield ind1=" " ind2=" " tag="591"><subfield code="a">Bern UB</subfield><subfield code="b">Archivexemplar</subfield></datafield><datafield ind1=" " ind2="7" tag="650"><subfield code="a">Liturgie</subfield><subfield code="0">(IDREF)027268349</subfield><subfield code="2">idref</subfield></datafield><datafield ind1=" " ind2="7" tag="655"><subfield code="a">Périodiques</subfield><subfield code="0">(IDREF)02724640X</subfield><subfield code="2">idref</subfield></datafield><datafield ind1=" " ind2="7" tag="655"><subfield code="a">Zeitschrift</subfield><subfield code="2">gnd-content</subfield></datafield><datafield ind1="2" ind2=" " tag="710"><subfield code="a">Liturgical Ecumenical Center Trust</subfield><subfield code="g">Rotterdam</subfield><subfield code="0">(DE-588)1086410726</subfield></datafield><datafield ind1="2" ind2=" " tag="710"><subfield code="a">Liturgical Ecumenical Center Trust (Rotterdam)</subfield><subfield code="0">(RERO)A000105889</subfield></datafield><datafield ind1=" " ind2=" " tag="900"><subfield code="a">REROnoselfmerge</subfield></datafield><datafield ind1=" " ind2=" " tag="900"><subfield code="a">NEBISnoselfmerge</subfield></datafield></record>
</metadata></record>