<record><header><identifier>oai:alma.41SLSP_UGE:991000785379705502</identifier><datestamp>2024-05-18T01:48:23Z</datestamp><setSpec>uge_bcen_RapidILL_BOOK</setSpec><setSpec>uge_aaca_RapidILL_BOOK</setSpec><setSpec>uge_abels_RapidILL_BOOK</setSpec><setSpec>uge_dbu_RapidILL_BOOK</setSpec><setSpec>uge_cmu_RapidILL_BOOK</setSpec><setSpec>uge_mail_RapidILL_BOOK</setSpec><setSpec>uge_abbat_RapidILL_BOOK</setSpec><setSpec>UNIGE_ALL</setSpec><setSpec>uge_acar_RapidILL_BOOK</setSpec><setSpec>uge_aobs_RapidILL_BOOK</setSpec></header><metadata>
<record xmlns="http://www.loc.gov/MARC21/slim" xmlns:xsi="http://www.w3.org/2001/XMLSchema-instance" xsi:schemaLocation="http://www.loc.gov/MARC21/slim http://www.loc.gov/standards/marcxml/schema/MARC21slim.xsd"><leader>03044nam a22008652c 4500</leader><controlfield tag="001">991000785379705502</controlfield><controlfield tag="005">20210206194214.0</controlfield><controlfield tag="008">201012s2017    fr ||||| |||| 00| ||fre d</controlfield><datafield ind1=" " ind2=" " tag="010"><subfield code="a">2018358809</subfield></datafield><datafield ind1=" " ind2=" " tag="020"><subfield code="a">2705695133</subfield></datafield><datafield ind1=" " ind2=" " tag="020"><subfield code="a">9782705695132</subfield><subfield code="q">pbk.</subfield></datafield><datafield ind1="7" ind2=" " tag="024"><subfield code="a">http://catalogue.bnf.fr/ark:/12148/cb45466448n</subfield><subfield code="2">uri</subfield></datafield><datafield ind1=" " ind2=" " tag="035"><subfield code="a">(swissbib)238321878-41slsp_network</subfield></datafield><datafield ind1=" " ind2=" " tag="035"><subfield code="a">238321878</subfield><subfield code="9">ExL</subfield></datafield><datafield ind1=" " ind2=" " tag="035"><subfield code="a">(RERO)R008753305-41slsp</subfield></datafield><datafield ind1=" " ind2=" " tag="035"><subfield code="a">(IDSBB)006830061DSV01</subfield></datafield><datafield ind1=" " ind2=" " tag="035"><subfield code="a">(OCoLC)1017982920</subfield><subfield code="z">(OCoLC)1022208664</subfield></datafield><datafield ind1=" " ind2=" " tag="035"><subfield code="a">(EXLNZ-41SLSP_NETWORK)991121198019705501</subfield></datafield><datafield ind1=" " ind2=" " tag="040"><subfield code="a">AUXAM</subfield><subfield code="b">eng</subfield><subfield code="e">rda</subfield><subfield code="d">CH-ZuSLS</subfield></datafield><datafield ind1=" " ind2=" " tag="042"><subfield code="a">pcc</subfield></datafield><datafield ind1=" " ind2=" " tag="043"><subfield code="a">e-fr---</subfield></datafield><datafield ind1=" " ind2="4" tag="050"><subfield code="a">QP</subfield></datafield><datafield ind1="0" ind2="0" tag="050"><subfield code="a">QM451</subfield><subfield code="b">.C48 2017</subfield></datafield><datafield ind1=" " ind2="4" tag="060"><subfield code="a">WZ 112.5.N4</subfield><subfield code="b">C419 2017</subfield></datafield><datafield ind1="0" ind2="0" tag="060"><subfield code="a">2018 H-922</subfield></datafield><datafield ind1="1" ind2="0" tag="060"><subfield code="a">WZ 112.5.N4</subfield></datafield><datafield ind1=" " ind2="7" tag="072"><subfield code="a">me</subfield><subfield code="2">rero</subfield></datafield><datafield ind1="0" ind2="4" tag="082"><subfield code="a">610</subfield></datafield><datafield ind1="0" ind2="0" tag="245"><subfield code="a">&lt;&lt;Le&gt;&gt; cerveau au microscope</subfield><subfield code="b">la neuroanatomie française aux XIXe et XXe siècles</subfield><subfield code="c">sous la dir. de Jean-Gaël Barbara et François Clarac</subfield></datafield><datafield ind1=" " ind2="1" tag="264"><subfield code="a">Paris</subfield><subfield code="b">Hermann</subfield><subfield code="c">[2017]</subfield></datafield><datafield ind1=" " ind2=" " tag="300"><subfield code="a">531 Seiten</subfield><subfield code="b">Illustrationen</subfield><subfield code="c">23 cm</subfield></datafield><datafield ind1=" " ind2=" " tag="336"><subfield code="b">txt</subfield><subfield code="2">rdacontent</subfield></datafield><datafield ind1=" " ind2=" " tag="337"><subfield code="b">n</subfield><subfield code="2">rdamedia</subfield></datafield><datafield ind1=" " ind2=" " tag="338"><subfield code="b">nc</subfield><subfield code="2">rdacarrier</subfield></datafield><datafield ind1="0" ind2=" " tag="490"><subfield code="a">Histoire des sciences</subfield></datafield><datafield ind1="0" ind2=" " tag="490"><subfield code="a">Collection Histoire des sciences. &quot;Histoire des neurosciences&quot;</subfield></datafield><datafield ind1=" " ind2=" " tag="504"><subfield code="a">Includes bibliographical references and indexes</subfield></datafield><datafield ind1=" " ind2="7" tag="648"><subfield code="a">1800-1999</subfield><subfield code="2">fast</subfield></datafield><datafield ind1=" " ind2="2" tag="650"><subfield code="a">Microscopy</subfield><subfield code="x">history</subfield></datafield><datafield ind1=" " ind2="2" tag="650"><subfield code="a">Neuroanatomy</subfield><subfield code="x">history</subfield></datafield><datafield ind1=" " ind2="2" tag="650"><subfield code="a">Neurosciences</subfield><subfield code="x">history</subfield></datafield><datafield ind1=" " ind2="2" tag="650"><subfield code="a">Physicians</subfield></datafield><datafield ind1=" " ind2="2" tag="650"><subfield code="a">Research Personnel</subfield></datafield><datafield ind1=" " ind2="2" tag="650"><subfield code="a">Nervous System</subfield></datafield><datafield ind1=" " ind2="2" tag="650"><subfield code="a">History, 19th Century</subfield></datafield><datafield ind1=" " ind2="2" tag="650"><subfield code="a">History, 20th Century</subfield></datafield><datafield ind1=" " ind2="0" tag="650"><subfield code="a">Neuroanatomy</subfield><subfield code="z">France</subfield><subfield code="x">History</subfield><subfield code="y">19th century</subfield></datafield><datafield ind1=" " ind2="0" tag="650"><subfield code="a">Neuroanatomy</subfield><subfield code="z">France</subfield><subfield code="x">History</subfield><subfield code="y">20th century</subfield></datafield><datafield ind1=" " ind2="0" tag="650"><subfield code="a">Microscopy</subfield><subfield code="z">France</subfield><subfield code="x">History</subfield><subfield code="y">19th century</subfield></datafield><datafield ind1=" " ind2="0" tag="650"><subfield code="a">Microscopy</subfield><subfield code="z">France</subfield><subfield code="x">History</subfield><subfield code="y">20th century</subfield></datafield><datafield ind1=" " ind2="0" tag="650"><subfield code="a">Neurosciences</subfield><subfield code="z">France</subfield><subfield code="x">History</subfield><subfield code="y">19th century</subfield></datafield><datafield ind1=" " ind2="0" tag="650"><subfield code="a">Neurosciences</subfield><subfield code="z">France</subfield><subfield code="x">History</subfield><subfield code="y">20th century</subfield></datafield><datafield ind1=" " ind2="2" tag="650"><subfield code="a">Microscopy</subfield><subfield code="x">history</subfield><subfield code="0">(DNLM)D008853Q000266</subfield></datafield><datafield ind1=" " ind2="2" tag="650"><subfield code="a">Neuroanatomy</subfield><subfield code="x">history</subfield><subfield code="0">(DNLM)D009445Q000266</subfield></datafield><datafield ind1=" " ind2="2" tag="650"><subfield code="a">Neurosciences</subfield><subfield code="x">history</subfield><subfield code="0">(DNLM)D009488Q000266</subfield></datafield><datafield ind1=" " ind2="2" tag="650"><subfield code="a">Physicians</subfield><subfield code="0">(DNLM)D010820</subfield></datafield><datafield ind1=" " ind2="2" tag="650"><subfield code="a">Research Personnel</subfield><subfield code="0">(DNLM)D012108</subfield></datafield><datafield ind1=" " ind2="2" tag="650"><subfield code="a">History, 19th Century</subfield><subfield code="0">(DNLM)D049672</subfield></datafield><datafield ind1=" " ind2="2" tag="650"><subfield code="a">History, 20th Century</subfield><subfield code="0">(DNLM)D049673</subfield></datafield><datafield ind1=" " ind2="2" tag="650"><subfield code="a">Nervous System</subfield><subfield code="0">(DNLM)D009420</subfield></datafield><datafield ind1=" " ind2="7" tag="650"><subfield code="a">Microscopy</subfield><subfield code="2">fast</subfield></datafield><datafield ind1=" " ind2="7" tag="650"><subfield code="a">Neuroanatomy</subfield><subfield code="2">fast</subfield></datafield><datafield ind1=" " ind2="7" tag="650"><subfield code="a">Neurosciences</subfield><subfield code="2">fast</subfield></datafield><datafield ind1=" " ind2="2" tag="651"><subfield code="a">France</subfield></datafield><datafield ind1=" " ind2="2" tag="651"><subfield code="a">France</subfield><subfield code="0">(DNLM)D005602</subfield></datafield><datafield ind1=" " ind2="7" tag="651"><subfield code="a">France</subfield><subfield code="2">fast</subfield></datafield><datafield ind1=" " ind2="2" tag="655"><subfield code="a">Biography</subfield></datafield><datafield ind1=" " ind2="2" tag="655"><subfield code="a">Essay</subfield></datafield><datafield ind1=" " ind2="2" tag="655"><subfield code="a">Biography</subfield><subfield code="0">(DNLM)D019215</subfield></datafield><datafield ind1=" " ind2="2" tag="655"><subfield code="a">Essay</subfield><subfield code="0">(DNLM)D020474</subfield></datafield><datafield ind1=" " ind2="7" tag="655"><subfield code="a">History</subfield><subfield code="2">fast</subfield></datafield><datafield ind1="1" ind2=" " tag="700"><subfield code="a">Clarac, François</subfield><subfield code="e">Herausgeber</subfield><subfield code="4">edt</subfield></datafield><datafield ind1="1" ind2=" " tag="700"><subfield code="a">Barbara, Jean-Gaël</subfield><subfield code="d">1968-</subfield><subfield code="0">(DE-588)143031627</subfield><subfield code="e">Herausgeber</subfield><subfield code="4">edt</subfield><subfield code="6">880-02</subfield></datafield><datafield ind1="1" ind2=" " tag="880"><subfield code="6">700-02</subfield><subfield code="a">Barbara, Jean-Gaël</subfield><subfield code="d">1968-....</subfield><subfield code="0">(IDREF)120156792</subfield></datafield><datafield ind1=" " ind2=" " tag="900"><subfield code="a">REROnoselfmerge</subfield></datafield><datafield ind1=" " ind2=" " tag="910"><subfield code="a">OCoLC</subfield><subfield code="b">20180118</subfield><subfield code="c">Droits réservés</subfield></datafield></record>
</metadata></record>