<record><header><identifier>oai:alma.41SLSP_UGE:991000785589705502</identifier><datestamp>2023-03-01T01:09:48Z</datestamp><setSpec>uge_bcen_RapidILL_BOOK</setSpec><setSpec>uge_aaca_RapidILL_BOOK</setSpec><setSpec>uge_abels_RapidILL_BOOK</setSpec><setSpec>uge_dbu_RapidILL_BOOK</setSpec><setSpec>uge_cmu_RapidILL_BOOK</setSpec><setSpec>uge_mail_RapidILL_BOOK</setSpec><setSpec>UNIGE_ALL</setSpec><setSpec>uge_abbat_RapidILL_BOOK</setSpec><setSpec>uge_acar_RapidILL_BOOK</setSpec><setSpec>uge_aobs_RapidILL_BOOK</setSpec></header><metadata>
<record xmlns="http://www.loc.gov/MARC21/slim" xmlns:xsi="http://www.w3.org/2001/XMLSchema-instance" xsi:schemaLocation="http://www.loc.gov/MARC21/slim http://www.loc.gov/standards/marcxml/schema/MARC21slim.xsd"><leader>01374nam a2200397 c 4500</leader><controlfield tag="001">991000785589705502</controlfield><controlfield tag="005">20230121193150.0</controlfield><controlfield tag="008">201011t19741974xxu||||| |||| 00| ||eng d</controlfield><datafield ind1=" " ind2=" " tag="019"><subfield code="a">RekatMedea: OUASA 1. Signatur C 685/ 6 mit der Aufnahme verknüpfen</subfield><subfield code="5">NEBIS/19.10.2005 Medea</subfield></datafield><datafield ind1=" " ind2=" " tag="020"><subfield code="a">0262590069</subfield></datafield><datafield ind1=" " ind2=" " tag="020"><subfield code="a">0262090147</subfield><subfield code="q">hardcover</subfield></datafield><datafield ind1=" " ind2=" " tag="035"><subfield code="a">(swissbib)230722059-41slsp_network</subfield></datafield><datafield ind1=" " ind2=" " tag="035"><subfield code="a">230722059</subfield><subfield code="9">ExL</subfield></datafield><datafield ind1=" " ind2=" " tag="035"><subfield code="a">(RERO)1871307-41slsp</subfield></datafield><datafield ind1=" " ind2=" " tag="035"><subfield code="a">(IDSBB)001597713DSV01</subfield></datafield><datafield ind1=" " ind2=" " tag="035"><subfield code="a">(NEBIS)008180990EBI01</subfield></datafield><datafield ind1=" " ind2=" " tag="035"><subfield code="a">(EXLNZ-41SLSP_NETWORK)991147892319705501</subfield></datafield><datafield ind1=" " ind2=" " tag="040"><subfield code="a">RERO geulcj</subfield><subfield code="d">CH-ZuSLS</subfield></datafield><datafield ind1="1" ind2=" " tag="041"><subfield code="a">eng</subfield><subfield code="h">chi</subfield></datafield><datafield ind1=" " ind2=" " tag="044"><subfield code="a">xxu</subfield><subfield code="a">xxk</subfield></datafield><datafield ind1=" " ind2="7" tag="072"><subfield code="a">or</subfield><subfield code="2">rero</subfield></datafield><datafield ind1="0" ind2="0" tag="245"><subfield code="a">Straw sandals</subfield><subfield code="b">Chinese short stories 1918-1933</subfield><subfield code="c">ed. by Harold R. Isaacs ; foreword by Lu Hsün</subfield></datafield><datafield ind1=" " ind2="1" tag="264"><subfield code="a">Cambridge Mass.</subfield><subfield code="a">London</subfield><subfield code="b">The MIT Press</subfield><subfield code="c">[1974]</subfield></datafield><datafield ind1=" " ind2="4" tag="264"><subfield code="c">© 1974</subfield></datafield><datafield ind1=" " ind2=" " tag="300"><subfield code="a">LXXIII, 444 S.</subfield><subfield code="b">Ill.</subfield><subfield code="c">21 cm</subfield></datafield><datafield ind1=" " ind2=" " tag="336"><subfield code="b">txt</subfield><subfield code="2">rdacontent</subfield></datafield><datafield ind1=" " ind2=" " tag="337"><subfield code="b">n</subfield><subfield code="2">rdamedia</subfield></datafield><datafield ind1=" " ind2=" " tag="338"><subfield code="b">nc</subfield><subfield code="2">rdacarrier</subfield></datafield><datafield ind1=" " ind2="7" tag="650"><subfield code="a">Littérature chinoise</subfield><subfield code="0">(IDREF)027699900</subfield><subfield code="2">idref</subfield></datafield><datafield ind1=" " ind2="7" tag="650"><subfield code="a">1918-1933</subfield><subfield code="2">rero</subfield></datafield><datafield ind1=" " ind2="7" tag="655"><subfield code="a">Anthologies</subfield><subfield code="0">(IDREF)027269493</subfield><subfield code="2">idref</subfield></datafield><datafield ind1="1" ind2=" " tag="700"><subfield code="a">Isaacs, Harold R.</subfield></datafield><datafield ind1="1" ind2=" " tag="700"><subfield code="a">Hsün, Lu</subfield></datafield><datafield ind1="1" ind2=" " tag="700"><subfield code="a">Lu, Xun</subfield><subfield code="d">1881-1936</subfield><subfield code="0">(IDREF)026995255</subfield></datafield><datafield ind1="1" ind2=" " tag="700"><subfield code="a">Isaacs, Harold Robert</subfield><subfield code="d">1910-1986</subfield><subfield code="0">(IDREF)026931303</subfield></datafield><datafield ind1=" " ind2=" " tag="900"><subfield code="a">REROnoselfmerge</subfield></datafield><datafield ind1=" " ind2=" " tag="900"><subfield code="f">IDSU2medea</subfield><subfield code="a">IDSU2remark</subfield></datafield></record>
</metadata></record>