<record><header><identifier>oai:alma.41SLSP_UGE:991000785069705502</identifier><datestamp>2023-04-12T00:11:26Z</datestamp><setSpec>uge_bcen_RapidILL_BOOK</setSpec><setSpec>uge_aaca_RapidILL_BOOK</setSpec><setSpec>uge_abels_RapidILL_BOOK</setSpec><setSpec>uge_dbu_RapidILL_BOOK</setSpec><setSpec>uge_cmu_RapidILL_BOOK</setSpec><setSpec>uge_mail_RapidILL_BOOK</setSpec><setSpec>uge_abbat_RapidILL_BOOK</setSpec><setSpec>UNIGE_ALL</setSpec><setSpec>uge_aobs_RapidILL_BOOK</setSpec><setSpec>uge_acar_RapidILL_BOOK</setSpec></header><metadata>
<record xmlns="http://www.loc.gov/MARC21/slim" xmlns:xsi="http://www.w3.org/2001/XMLSchema-instance" xsi:schemaLocation="http://www.loc.gov/MARC21/slim http://www.loc.gov/standards/marcxml/schema/MARC21slim.xsd"><leader>02101nam a2200481 c 4500</leader><controlfield tag="001">991000785069705502</controlfield><controlfield tag="005">20230411172727.0</controlfield><controlfield tag="008">201012s2016    fr a||||      00| ||fre d</controlfield><datafield ind1=" " ind2=" " tag="020"><subfield code="a">9782759224876</subfield><subfield code="q">couverture souple</subfield></datafield><datafield ind1="3" ind2="0" tag="024"><subfield code="a">9782759224876</subfield></datafield><datafield ind1="7" ind2=" " tag="024"><subfield code="a">http://catalogue.bnf.fr/ark:/12148/cb45021302b</subfield><subfield code="2">uri</subfield></datafield><datafield ind1=" " ind2=" " tag="035"><subfield code="a">(swissbib)233304940-41slsp_network</subfield></datafield><datafield ind1=" " ind2=" " tag="035"><subfield code="a">233304940</subfield><subfield code="9">ExL</subfield></datafield><datafield ind1=" " ind2=" " tag="035"><subfield code="a">(NEBIS)010674617EBI01</subfield></datafield><datafield ind1=" " ind2=" " tag="035"><subfield code="a">(RERO)R008432336-41slsp</subfield></datafield><datafield ind1=" " ind2=" " tag="035"><subfield code="a">(EXLNZ-41SLSP_NETWORK)991008311809705501</subfield></datafield><datafield ind1=" " ind2=" " tag="040"><subfield code="a">SzZuIDS NEBIS HEPIA/CFPNE</subfield><subfield code="b">fre</subfield><subfield code="e">rda</subfield><subfield code="d">CH-ZuSLS</subfield></datafield><datafield ind1="0" ind2=" " tag="041"><subfield code="a">fre</subfield></datafield><datafield ind1=" " ind2="7" tag="072"><subfield code="a">bi</subfield><subfield code="2">rero</subfield></datafield><datafield ind1=" " ind2="7" tag="072"><subfield code="a">ch</subfield><subfield code="2">rero</subfield></datafield><datafield ind1="1" ind2=" " tag="100"><subfield code="a">Morot-Gaudry, Jean-François</subfield><subfield code="0">(DE-588)157574687</subfield><subfield code="e">auteur</subfield><subfield code="4">aut</subfield><subfield code="6">880-01</subfield></datafield><datafield ind1="1" ind2=" " tag="880"><subfield code="6">100-01</subfield><subfield code="a">Morot-Gaudry, Jean-François</subfield><subfield code="d">1943-....</subfield><subfield code="0">(IDREF)034215654</subfield><subfield code="4">cre</subfield></datafield><datafield ind1="1" ind2="0" tag="245"><subfield code="a">&lt;&lt;Les&gt;&gt; végétaux, un nouveau pétrole ?</subfield><subfield code="c">Jean-François Morot-Gaudry</subfield></datafield><datafield ind1=" " ind2="1" tag="264"><subfield code="a">Versailles</subfield><subfield code="b">Quae</subfield><subfield code="c">2016</subfield></datafield><datafield ind1=" " ind2=" " tag="300"><subfield code="a">153 pages</subfield><subfield code="b">illustrations</subfield><subfield code="c">19 cm</subfield></datafield><datafield ind1=" " ind2=" " tag="336"><subfield code="b">txt</subfield><subfield code="2">rdacontent</subfield></datafield><datafield ind1=" " ind2=" " tag="337"><subfield code="b">n</subfield><subfield code="2">rdamedia</subfield></datafield><datafield ind1=" " ind2=" " tag="338"><subfield code="b">nc</subfield><subfield code="2">rdacarrier</subfield></datafield><datafield ind1="0" ind2=" " tag="490"><subfield code="a">Enjeux sciences</subfield></datafield><datafield ind1=" " ind2=" " tag="500"><subfield code="a">Glossaire: p. 145-150</subfield></datafield><datafield ind1=" " ind2=" " tag="504"><subfield code="a">Bibliogr.: p. 151-153</subfield></datafield><datafield ind1=" " ind2="7" tag="650"><subfield code="a">BIOMASSE, PHYTOMASSE (PRODUCTION VÉGÉTALE)</subfield><subfield code="9">fre</subfield><subfield code="0">(ETHUDK)000048349</subfield><subfield code="2">ethudk</subfield></datafield><datafield ind1=" " ind2="7" tag="650"><subfield code="a">BIOTECHNOLOGIE VÉGÉTALE</subfield><subfield code="9">fre</subfield><subfield code="0">(ETHUDK)000048495</subfield><subfield code="2">ethudk</subfield></datafield><datafield ind1=" " ind2="7" tag="650"><subfield code="a">CHIMIE ÉCOLOGIQUE</subfield><subfield code="9">fre</subfield><subfield code="0">(ETHUDK)000021473</subfield><subfield code="2">ethudk</subfield></datafield><datafield ind1=" " ind2="7" tag="650"><subfield code="a">CULTURES ÉNERGÉTIQUES (PRODUCTION VÉGÉTALE)</subfield><subfield code="9">fre</subfield><subfield code="0">(ETHUDK)000049310</subfield><subfield code="2">ethudk</subfield></datafield><datafield ind1=" " ind2="7" tag="650"><subfield code="a">UTILISATION D'ÉNERGIE BIOLOGIQUE (TECHNOLOGIE ÉNERGÉTIQUE)</subfield><subfield code="9">fre</subfield><subfield code="0">(ETHUDK)000027802</subfield><subfield code="2">ethudk</subfield></datafield><datafield ind1=" " ind2="7" tag="650"><subfield code="a">Énergies renouvelables</subfield><subfield code="0">(IDREF)027491706</subfield><subfield code="2">idref</subfield></datafield><datafield ind1=" " ind2="7" tag="650"><subfield code="a">Plantes</subfield><subfield code="0">(IDREF)027247279</subfield><subfield code="2">idref</subfield></datafield><datafield ind1=" " ind2="7" tag="650"><subfield code="a">Écologie chimique</subfield><subfield code="0">(IDREF)032727844</subfield><subfield code="2">idref</subfield></datafield><datafield ind1=" " ind2="7" tag="650"><subfield code="a">Chimie végétale</subfield><subfield code="0">(IDREF)050525166</subfield><subfield code="2">idref</subfield></datafield><datafield ind1=" " ind2="7" tag="650"><subfield code="a">Biocarburants</subfield><subfield code="0">(IDREF)031973442</subfield><subfield code="2">idref</subfield></datafield><datafield ind1=" " ind2="7" tag="650"><subfield code="a">Énergie de la biomasse</subfield><subfield code="0">(IDREF)027426874</subfield><subfield code="2">idref</subfield></datafield><datafield ind1=" " ind2=" " tag="900"><subfield code="a">REROnoselfmerge</subfield></datafield><datafield ind1=" " ind2=" " tag="910"><subfield code="a">OCoLC</subfield><subfield code="b">20160524</subfield><subfield code="c">Droits réservés</subfield></datafield></record>
</metadata></record>