<record><header><identifier>oai:alma.41SLSP_UGE:991000785569705502</identifier><datestamp>2023-04-06T00:09:59Z</datestamp><setSpec>uge_bcen_RapidILL_BOOK</setSpec><setSpec>uge_aaca_RapidILL_BOOK</setSpec><setSpec>uge_abels_RapidILL_BOOK</setSpec><setSpec>uge_dbu_RapidILL_BOOK</setSpec><setSpec>uge_cmu_RapidILL_BOOK</setSpec><setSpec>uge_mail_RapidILL_BOOK</setSpec><setSpec>uge_abbat_RapidILL_BOOK</setSpec><setSpec>UNIGE_ALL</setSpec><setSpec>uge_aobs_RapidILL_BOOK</setSpec><setSpec>uge_acar_RapidILL_BOOK</setSpec></header><metadata>
<record xmlns="http://www.loc.gov/MARC21/slim" xmlns:xsi="http://www.w3.org/2001/XMLSchema-instance" xsi:schemaLocation="http://www.loc.gov/MARC21/slim http://www.loc.gov/standards/marcxml/schema/MARC21slim.xsd"><leader>02268nam a2200601 c 4500</leader><controlfield tag="001">991000785569705502</controlfield><controlfield tag="005">20230405195234.0</controlfield><controlfield tag="008">201011s1968    gw ||||| |||| 00| ||ger d</controlfield><datafield ind1=" " ind2=" " tag="035"><subfield code="a">(swissbib)215015371-41slsp_network</subfield></datafield><datafield ind1=" " ind2=" " tag="035"><subfield code="a">215015371</subfield><subfield code="9">ExL</subfield></datafield><datafield ind1=" " ind2=" " tag="035"><subfield code="a">(RERO)0148156-41slsp</subfield></datafield><datafield ind1=" " ind2=" " tag="035"><subfield code="a">(NEBIS)003000511EBI01</subfield></datafield><datafield ind1=" " ind2=" " tag="035"><subfield code="a">(IDSBB)000445936DSV01</subfield></datafield><datafield ind1=" " ind2=" " tag="035"><subfield code="a">(EXLNZ-41SLSP_NETWORK)991157659029705501</subfield></datafield><datafield ind1=" " ind2=" " tag="040"><subfield code="a">RERO</subfield><subfield code="d">CH-ZuSLS</subfield></datafield><datafield ind1=" " ind2="7" tag="072"><subfield code="a">gr</subfield><subfield code="2">rero</subfield></datafield><datafield ind1=" " ind2="7" tag="072"><subfield code="a">ha</subfield><subfield code="2">rero</subfield></datafield><datafield ind1=" " ind2="7" tag="072"><subfield code="a">da</subfield><subfield code="2">SzZuIDS BS/BE</subfield></datafield><datafield ind1="1" ind2=" " tag="100"><subfield code="a">Meuli, Karl</subfield><subfield code="d">1891-1968</subfield><subfield code="0">(DE-588)118581635</subfield><subfield code="6">880-01</subfield></datafield><datafield ind1="1" ind2=" " tag="880"><subfield code="a">Meuli, Karl</subfield><subfield code="0">(RERO)A003588403</subfield><subfield code="4">cre</subfield><subfield code="6">100-01</subfield></datafield><datafield ind1="1" ind2="0" tag="245"><subfield code="a">&lt;&lt;Der&gt;&gt; griechische Agon</subfield><subfield code="b">Kampf und Kampfspiel im Totenbrauch, Totentanz, Totenklage und Totenlob</subfield><subfield code="c">von Karl Meuli</subfield></datafield><datafield ind1=" " ind2="1" tag="264"><subfield code="a">Koeln</subfield><subfield code="b">Historisches Seminar der Deutschen Sporthochschule</subfield><subfield code="c">1968</subfield></datafield><datafield ind1=" " ind2=" " tag="300"><subfield code="a">108 p.</subfield><subfield code="c">21 cm</subfield></datafield><datafield ind1=" " ind2=" " tag="336"><subfield code="b">txt</subfield><subfield code="2">rdacontent</subfield></datafield><datafield ind1=" " ind2=" " tag="337"><subfield code="b">n</subfield><subfield code="2">rdamedia</subfield></datafield><datafield ind1=" " ind2=" " tag="338"><subfield code="b">nc</subfield><subfield code="2">rdacarrier</subfield></datafield><datafield ind1=" " ind2=" " tag="500"><subfield code="a">Vortitel: Historisches Seminar der Deutschen Sporthochschule Köln</subfield></datafield><datafield ind1=" " ind2=" " tag="520"><subfield code="a">Geschichte, Antike, Wettkampf, Volksbräuche, Totenbräuche</subfield></datafield><datafield ind1=" " ind2="4" tag="648"><subfield code="a">Geschichte Anfänge-500</subfield></datafield><datafield ind1=" " ind2="7" tag="650"><subfield code="a">Combat</subfield><subfield code="0">(IDREF)027825353</subfield><subfield code="2">idref</subfield></datafield><datafield ind1=" " ind2="7" tag="650"><subfield code="a">agon</subfield><subfield code="0">(RERO)A010040418</subfield><subfield code="2">rerovoc</subfield></datafield><datafield ind1=" " ind2="7" tag="650"><subfield code="a">Mort</subfield><subfield code="0">(IDREF)027239861</subfield><subfield code="2">idref</subfield></datafield><datafield ind1=" " ind2="7" tag="650"><subfield code="a">Rites et cérémonies funéraires</subfield><subfield code="0">(IDREF)027226999</subfield><subfield code="2">idref</subfield></datafield><datafield ind1=" " ind2="0" tag="650"><subfield code="a">Dance of death</subfield></datafield><datafield ind1=" " ind2="0" tag="650"><subfield code="a">Funeral rites and ceremonies, Ancient</subfield></datafield><datafield ind1=" " ind2="0" tag="650"><subfield code="a">Funeral rites and ceremonies</subfield><subfield code="z">Greece</subfield></datafield><datafield ind1=" " ind2="0" tag="650"><subfield code="a">Greeks</subfield><subfield code="x">Rites and ceremonies</subfield></datafield><datafield ind1=" " ind2="0" tag="650"><subfield code="a">Mourning customs</subfield><subfield code="z">Greece</subfield></datafield><datafield ind1=" " ind2="4" tag="650"><subfield code="a">Altertum</subfield></datafield><datafield ind1=" " ind2="4" tag="650"><subfield code="a">Brauchtum</subfield></datafield><datafield ind1=" " ind2="4" tag="650"><subfield code="a">Tod</subfield></datafield><datafield ind1=" " ind2="4" tag="650"><subfield code="a">Wettkampf</subfield></datafield><datafield ind1=" " ind2="7" tag="651"><subfield code="a">Grèce</subfield><subfield code="y">Jusqu'à 395</subfield><subfield code="0">(IDREF)027355802</subfield><subfield code="2">idref</subfield></datafield><datafield ind1=" " ind2="0" tag="651"><subfield code="a">Greece</subfield><subfield code="x">Social life and customs</subfield></datafield><datafield ind1=" " ind2="4" tag="651"><subfield code="a">Griechenland (Altertum)</subfield></datafield><datafield ind1=" " ind2=" " tag="690"><subfield code="a">Totenkult / 1950- ersch.</subfield><subfield code="2">uzb-Z9</subfield></datafield><datafield ind1=" " ind2=" " tag="690"><subfield code="a">Tod, Brauch, Antike</subfield><subfield code="2">ubs-A6</subfield></datafield><datafield ind1=" " ind2=" " tag="690"><subfield code="a">Tod, Totenklage, Antike</subfield><subfield code="2">ubs-A6</subfield></datafield><datafield ind1=" " ind2=" " tag="691"><subfield code="e">EH 4.c</subfield><subfield code="a">Hellenistic Greece</subfield><subfield code="2">ubs-FH</subfield></datafield><datafield ind1=" " ind2=" " tag="690"><subfield code="a">Combat - Histoire - Grèce - Antiquité</subfield><subfield code="2">EHSM_f</subfield></datafield><datafield ind1=" " ind2=" " tag="690"><subfield code="a">Kampf - Geschichte - Griechenland - Altertum</subfield><subfield code="2">EHSM_d</subfield></datafield><datafield ind1="2" ind2=" " tag="710"><subfield code="a">Deutsche Sporthochschule (Köln)</subfield><subfield code="b">Historisches Seminar</subfield><subfield code="0">(RERO)A003174761</subfield></datafield><datafield ind1=" " ind2=" " tag="900"><subfield code="a">REROnoselfmerge</subfield></datafield><datafield ind1=" " ind2=" " tag="900"><subfield code="a">IDSZRMedeaZBZ</subfield></datafield></record>
</metadata></record>