<record><header><identifier>oai:alma.41SLSP_UGE:991000785049705502</identifier><datestamp>2024-05-01T00:06:48Z</datestamp><setSpec>uge_bcen_RapidILL_BOOK</setSpec><setSpec>uge_aaca_RapidILL_BOOK</setSpec><setSpec>uge_abels_RapidILL_BOOK</setSpec><setSpec>uge_dbu_RapidILL_BOOK</setSpec><setSpec>uge_cmu_RapidILL_BOOK</setSpec><setSpec>uge_mail_RapidILL_BOOK</setSpec><setSpec>uge_abbat_RapidILL_BOOK</setSpec><setSpec>UNIGE_ALL</setSpec><setSpec>uge_acar_RapidILL_BOOK</setSpec><setSpec>uge_aobs_RapidILL_BOOK</setSpec></header><metadata>
<record xmlns="http://www.loc.gov/MARC21/slim" xmlns:xsi="http://www.w3.org/2001/XMLSchema-instance" xsi:schemaLocation="http://www.loc.gov/MARC21/slim http://www.loc.gov/standards/marcxml/schema/MARC21slim.xsd"><leader>03835nam a2200877uc 4500</leader><controlfield tag="001">991000785049705502</controlfield><controlfield tag="005">20240430095925.0</controlfield><controlfield tag="008">201011t19991999gw            00| | ger d</controlfield><datafield ind1=" " ind2=" " tag="020"><subfield code="a">3933096081</subfield><subfield code="q">Buchhandelsausg.</subfield></datafield><datafield ind1="7" ind2=" " tag="024"><subfield code="a">http://catalogue.bnf.fr/ark:/12148/cb410299956</subfield><subfield code="2">uri</subfield></datafield><datafield ind1=" " ind2=" " tag="035"><subfield code="a">(swissbib)21957734X-41slsp_network</subfield></datafield><datafield ind1=" " ind2=" " tag="035"><subfield code="a">21957734X</subfield><subfield code="9">ExL</subfield></datafield><datafield ind1=" " ind2=" " tag="035"><subfield code="a">(IDSBB)001604951DSV01</subfield></datafield><datafield ind1=" " ind2=" " tag="035"><subfield code="a">(NEBIS)002012892EBI01</subfield></datafield><datafield ind1=" " ind2=" " tag="035"><subfield code="a">(RERO)R003602472-41slsp</subfield></datafield><datafield ind1=" " ind2=" " tag="035"><subfield code="a">(ABN)000123240ABN01</subfield></datafield><datafield ind1=" " ind2=" " tag="035"><subfield code="z">(swissbib)074242806-41slsp_network</subfield></datafield><datafield ind1=" " ind2=" " tag="035"><subfield code="a">(IDSBB)006937246DSV01</subfield></datafield><datafield ind1=" " ind2=" " tag="035"><subfield code="z">(CH-ZuSLS)991006807249705501</subfield></datafield><datafield ind1=" " ind2=" " tag="035"><subfield code="a">(EXLNZ-41SLSP_NETWORK)991014882569705501</subfield></datafield><datafield ind1=" " ind2=" " tag="040"><subfield code="a">SzZuIDS BS/BE B565</subfield><subfield code="b">ger</subfield><subfield code="e">kids</subfield><subfield code="d">CH-ZuSLS</subfield></datafield><datafield ind1=" " ind2="7" tag="072"><subfield code="a">kh</subfield><subfield code="2">SzZuIDS BS/BE</subfield></datafield><datafield ind1=" " ind2="7" tag="072"><subfield code="a">ba</subfield><subfield code="2">rero</subfield></datafield><datafield ind1=" " ind2=" " tag="084"><subfield code="a">9,11</subfield><subfield code="2">ssgn</subfield></datafield><datafield ind1=" " ind2=" " tag="084"><subfield code="a">LI 99999</subfield><subfield code="2">rvk</subfield></datafield><datafield ind1="0" ind2="0" tag="245"><subfield code="a">Felix Stephan Huber, 1999</subfield><subfield code="b">[Ausstellungskatalog]</subfield><subfield code="c">[hrsg. von Christoph Vögele und Ellen Seifermann]</subfield></datafield><datafield ind1=" " ind2="1" tag="264"><subfield code="a">Nürnberg</subfield><subfield code="b">Verlag für moderne Kunst</subfield><subfield code="c">[1999]</subfield></datafield><datafield ind1=" " ind2="4" tag="264"><subfield code="c">© 1999</subfield></datafield><datafield ind1=" " ind2=" " tag="300"><subfield code="a">103 S.</subfield><subfield code="b">Ill.</subfield><subfield code="c">22 cm</subfield></datafield><datafield ind1=" " ind2=" " tag="336"><subfield code="b">txt</subfield><subfield code="2">rdacontent</subfield></datafield><datafield ind1=" " ind2=" " tag="336"><subfield code="b">sti</subfield><subfield code="2">rdacontent</subfield></datafield><datafield ind1=" " ind2=" " tag="337"><subfield code="b">n</subfield><subfield code="2">rdamedia</subfield></datafield><datafield ind1=" " ind2=" " tag="338"><subfield code="b">nc</subfield><subfield code="2">rdacarrier</subfield></datafield><datafield ind1=" " ind2=" " tag="500"><subfield code="a">Ausstellungsorte: Solothurn: Kunstmuseum, 16.1. - 7.3.1999; Heilbronn: Kunstverein, 21.3. - 25.4.1999</subfield></datafield><datafield ind1=" " ind2=" " tag="500"><subfield code="a">Ausstellung (Solothurn ; Kunstmuseum ; 1999)</subfield></datafield><datafield ind1=" " ind2=" " tag="500"><subfield code="a">Ausstellung (Heilbronn ; Kunstverein ; 1999)</subfield></datafield><datafield ind1=" " ind2=" " tag="500"><subfield code="a">Exposition. Solothurn. Kunstmuseum. 1999</subfield></datafield><datafield ind1=" " ind2=" " tag="500"><subfield code="a">Exposition. Heilbronn. Kunstverein. 1999</subfield></datafield><datafield ind1="1" ind2="7" tag="600"><subfield code="a">Huber, Felix Stephan</subfield><subfield code="v">Ausstellungskatalog</subfield><subfield code="2">idsbb</subfield></datafield><datafield ind1="1" ind2="7" tag="600"><subfield code="a">Huber, Felix Stephan</subfield><subfield code="d">1957-</subfield><subfield code="0">(DE-588)119244128</subfield><subfield code="2">gnd</subfield></datafield><datafield ind1="1" ind2="4" tag="600"><subfield code="a">Huber, Felix Stephan</subfield><subfield code="d">1957-</subfield><subfield code="0">(DE-588)119244128</subfield></datafield><datafield ind1="1" ind2="7" tag="600"><subfield code="a">Huber, Felix Stephan</subfield><subfield code="0">(RERO)A010096957</subfield><subfield code="2">rero</subfield></datafield><datafield ind1=" " ind2="7" tag="648"><subfield code="a">Geschichte 1986-1998</subfield><subfield code="2">gnd</subfield></datafield><datafield ind1=" " ind2="7" tag="650"><subfield code="a">DIGITALE KUNST + COMPUTERKUNST</subfield><subfield code="9">ger</subfield><subfield code="0">(ETHUDK)000041398</subfield><subfield code="2">ethudk</subfield></datafield><datafield ind1=" " ind2="7" tag="650"><subfield code="a">INSTALLATIONEN (KUNST)</subfield><subfield code="9">ger</subfield><subfield code="0">(ETHUDK)000047940</subfield><subfield code="2">ethudk</subfield></datafield><datafield ind1=" " ind2="7" tag="650"><subfield code="a">KÜNSTLER + KUNSTSCHAFFENDE</subfield><subfield code="9">ger</subfield><subfield code="0">(ETHUDK)000035335</subfield><subfield code="2">ethudk</subfield></datafield><datafield ind1=" " ind2="7" tag="650"><subfield code="a">PHOTO ART (PHOTOGRAPHIE)</subfield><subfield code="9">ger</subfield><subfield code="0">(ETHUDK)000061826</subfield><subfield code="2">ethudk</subfield></datafield><datafield ind1=" " ind2="7" tag="650"><subfield code="a">PUBLIKATIONEN ZU TEMPORÄREN AUSSTELLUNGEN</subfield><subfield code="9">ger</subfield><subfield code="0">(ETHUDK)000009298</subfield><subfield code="2">ethudk</subfield></datafield><datafield ind1=" " ind2="7" tag="650"><subfield code="a">SCHWEIZ (MITTELEUROPA). SCHWEIZERISCHE EIDGENOSSENSCHAFT</subfield><subfield code="9">ger</subfield><subfield code="0">(ETHUDK)000004571</subfield><subfield code="2">ethudk</subfield></datafield><datafield ind1=" " ind2="7" tag="650"><subfield code="a">VIDEOKUNST</subfield><subfield code="9">ger</subfield><subfield code="0">(ETHUDK)000052892</subfield><subfield code="2">ethudk</subfield></datafield><datafield ind1=" " ind2="7" tag="650"><subfield code="a">ZWANZIGSTES JAHRHUNDERT N. CHR.</subfield><subfield code="9">ger</subfield><subfield code="0">(ETHUDK)000008907</subfield><subfield code="2">ethudk</subfield></datafield><datafield ind1=" " ind2="7" tag="655"><subfield code="a">Ausstellungskatalog</subfield><subfield code="z">Heilbronn</subfield><subfield code="y">1999</subfield><subfield code="2">gnd-content</subfield></datafield><datafield ind1=" " ind2="7" tag="655"><subfield code="a">Ausstellungskatalog</subfield><subfield code="z">Solothurn</subfield><subfield code="y">1999</subfield><subfield code="2">gnd-content</subfield></datafield><datafield ind1=" " ind2="7" tag="655"><subfield code="a">Catalogues d'exposition</subfield><subfield code="0">(IDREF)027320456</subfield><subfield code="2">idref</subfield></datafield><datafield ind1=" " ind2=" " tag="690"><subfield code="a">Huber, Felix Stephan</subfield><subfield code="2">ubs-A5</subfield></datafield><datafield ind1=" " ind2=" " tag="690"><subfield code="a">Schweiz</subfield><subfield code="x">Videokunst</subfield><subfield code="x">1990-2000</subfield><subfield code="2">nebis-E4</subfield></datafield><datafield ind1=" " ind2=" " tag="690"><subfield code="a">Solothurn</subfield><subfield code="x">Ausstellung</subfield><subfield code="x">Kunstmuseum</subfield><subfield code="2">nebis-E4</subfield></datafield><datafield ind1=" " ind2=" " tag="690"><subfield code="a">Künstler (ab 1945)</subfield><subfield code="2">nebis-E4</subfield></datafield><datafield ind1=" " ind2=" " tag="690"><subfield code="a">Huber, Felix Stephan</subfield><subfield code="d">1957-</subfield><subfield code="2">nebis-E5</subfield></datafield><datafield ind1=" " ind2=" " tag="690"><subfield code="a">Fotografie</subfield><subfield code="2">fhnw-E8</subfield></datafield><datafield ind1=" " ind2=" " tag="690"><subfield code="a">Videokunst</subfield><subfield code="2">fhnw-E8</subfield></datafield><datafield ind1=" " ind2=" " tag="690"><subfield code="a">Computerkunst</subfield><subfield code="2">fhnw-E8</subfield></datafield><datafield ind1=" " ind2=" " tag="690"><subfield code="a">Ausstellung</subfield><subfield code="2">fhnw-E8</subfield></datafield><datafield ind1=" " ind2=" " tag="690"><subfield code="a">Schweiz</subfield><subfield code="2">fhnw-E8</subfield></datafield><datafield ind1=" " ind2=" " tag="690"><subfield code="a">Geschichte 1900-2000</subfield><subfield code="2">fhnw-E8</subfield></datafield><datafield ind1=" " ind2=" " tag="690"><subfield code="a">Huber, Felix Stephan</subfield><subfield code="d">1957-</subfield><subfield code="2">nebis-E9</subfield></datafield><datafield ind1=" " ind2=" " tag="690"><subfield code="a">Huber, Felix Stephan</subfield><subfield code="2">uzb-US</subfield></datafield><datafield ind1=" " ind2=" " tag="690"><subfield code="a">Ausstellung. Schweiz. Solothurn. Kunstmuseum</subfield><subfield code="2">uzb-US</subfield></datafield><datafield ind1=" " ind2=" " tag="690"><subfield code="a">Ausstellung. Deutschland. Heilbronn. Kunstverein</subfield><subfield code="2">uzb-US</subfield></datafield><datafield ind1="1" ind2=" " tag="700"><subfield code="a">Vögele, Christoph</subfield><subfield code="d">1957-</subfield><subfield code="0">(DE-588)111930251</subfield></datafield><datafield ind1="1" ind2=" " tag="700"><subfield code="a">Seifermann, Ellen</subfield><subfield code="d">1956-</subfield><subfield code="0">(DE-588)1056506636</subfield></datafield><datafield ind1="1" ind2=" " tag="700"><subfield code="6">880-04</subfield><subfield code="a">Huber, Felix Stephan</subfield><subfield code="d">1957-</subfield><subfield code="0">(DE-588)119244128</subfield></datafield><datafield ind1="1" ind2=" " tag="880"><subfield code="6">700-04</subfield><subfield code="a">Huber, Felix Stephan</subfield><subfield code="0">(RERO)A009579768</subfield></datafield><datafield ind1="2" ind2=" " tag="710"><subfield code="a">Kunstmuseum Solothurn</subfield><subfield code="0">(DE-588)2066569-6</subfield></datafield><datafield ind1="2" ind2=" " tag="710"><subfield code="a">Kunstverein Heilbronn</subfield><subfield code="0">(DE-588)1030750-3</subfield></datafield><datafield ind1=" " ind2=" " tag="900"><subfield code="a">IDSE9P:771 A-Z</subfield></datafield><datafield ind1=" " ind2=" " tag="900"><subfield code="a">REROnoselfmerge</subfield></datafield><datafield ind1=" " ind2=" " tag="993"><subfield code="a">BFLA 166887</subfield><subfield code="x">ge/ulha/d/02/0501</subfield><subfield code="9">LOCAL</subfield></datafield></record>
</metadata></record>