<record><header><identifier>oai:alma.41SLSP_UGE:991000785579705502</identifier><datestamp>2024-06-02T00:07:36Z</datestamp><setSpec>uge_bcen_RapidILL_BOOK</setSpec><setSpec>uge_aaca_RapidILL_BOOK</setSpec><setSpec>uge_abels_RapidILL_BOOK</setSpec><setSpec>uge_dbu_RapidILL_BOOK</setSpec><setSpec>uge_cmu_RapidILL_BOOK</setSpec><setSpec>uge_mail_RapidILL_BOOK</setSpec><setSpec>UNIGE_ALL</setSpec><setSpec>uge_abbat_RapidILL_BOOK</setSpec><setSpec>uge_acar_RapidILL_BOOK</setSpec><setSpec>uge_aobs_RapidILL_BOOK</setSpec></header><metadata>
<record xmlns="http://www.loc.gov/MARC21/slim" xmlns:xsi="http://www.w3.org/2001/XMLSchema-instance" xsi:schemaLocation="http://www.loc.gov/MARC21/slim http://www.loc.gov/standards/marcxml/schema/MARC21slim.xsd"><leader>02044nam a2200529 c 4500</leader><controlfield tag="001">991000785579705502</controlfield><controlfield tag="005">20230416095108.0</controlfield><controlfield tag="008">201012t19901990xxu||||| |||| 00| ||eng d</controlfield><datafield ind1=" " ind2=" " tag="010"><subfield code="a">89077562</subfield></datafield><datafield ind1=" " ind2=" " tag="020"><subfield code="a">0824781236</subfield></datafield><datafield ind1=" " ind2=" " tag="035"><subfield code="a">(swissbib)242755127-41slsp_network</subfield></datafield><datafield ind1=" " ind2=" " tag="035"><subfield code="a">242755127</subfield><subfield code="9">ExL</subfield></datafield><datafield ind1=" " ind2=" " tag="035"><subfield code="a">(RERO)1260717-41slsp</subfield></datafield><datafield ind1=" " ind2=" " tag="035"><subfield code="a">(IDSBB)000618358DSV01</subfield></datafield><datafield ind1=" " ind2=" " tag="035"><subfield code="a">(NEBIS)000537850EBI01</subfield></datafield><datafield ind1=" " ind2=" " tag="035"><subfield code="a">(EXLNZ-41SLSP_NETWORK)991146431399705501</subfield></datafield><datafield ind1=" " ind2=" " tag="040"><subfield code="a">RERO geussm</subfield><subfield code="d">CH-ZuSLS</subfield></datafield><datafield ind1=" " ind2=" " tag="044"><subfield code="a">xxu</subfield><subfield code="a">sz</subfield></datafield><datafield ind1=" " ind2="7" tag="072"><subfield code="a">ma</subfield><subfield code="2">rero</subfield></datafield><datafield ind1=" " ind2="7" tag="072"><subfield code="a">wi</subfield><subfield code="2">SzZuIDS BS/BE</subfield></datafield><datafield ind1=" " ind2="7" tag="072"><subfield code="a">mt</subfield><subfield code="2">SzZuIDS BS/BE</subfield></datafield><datafield ind1="1" ind2="4" tag="082"><subfield code="a">510</subfield><subfield code="2">15</subfield></datafield><datafield ind1="1" ind2="4" tag="082"><subfield code="a">330</subfield><subfield code="2">15</subfield></datafield><datafield ind1=" " ind2=" " tag="084"><subfield code="a">62C</subfield><subfield code="2">msc</subfield></datafield><datafield ind1=" " ind2=" " tag="084"><subfield code="a">QH 233</subfield><subfield code="2">rvk</subfield></datafield><datafield ind1=" " ind2=" " tag="084"><subfield code="a">SK 830</subfield><subfield code="2">rvk</subfield></datafield><datafield ind1="1" ind2=" " tag="100"><subfield code="6">880-01</subfield><subfield code="a">Florens, Jean-Pierre</subfield><subfield code="c">mathématicien</subfield><subfield code="d">1947-....</subfield><subfield code="0">(IDREF)02883755X</subfield><subfield code="4">cre</subfield></datafield><datafield ind1="1" ind2=" " tag="880"><subfield code="a">Florens, Jean-Pierre</subfield><subfield code="0">(DE-588)170464423</subfield><subfield code="6">100-01</subfield></datafield><datafield ind1="1" ind2="0" tag="245"><subfield code="a">Elements of Bayesian statistics</subfield><subfield code="c">Jean Pierre Florens, Michel Mouchart, Jean-Marie Rolin</subfield></datafield><datafield ind1=" " ind2="1" tag="264"><subfield code="a">New York</subfield><subfield code="a">Basel</subfield><subfield code="b">M. Dekker</subfield><subfield code="c">1990</subfield></datafield><datafield ind1=" " ind2="4" tag="264"><subfield code="c">©1990</subfield></datafield><datafield ind1=" " ind2=" " tag="300"><subfield code="a">XXXI, 499 p.</subfield><subfield code="c">24 cm</subfield></datafield><datafield ind1=" " ind2=" " tag="336"><subfield code="b">txt</subfield><subfield code="2">rdacontent</subfield></datafield><datafield ind1=" " ind2=" " tag="337"><subfield code="b">n</subfield><subfield code="2">rdamedia</subfield></datafield><datafield ind1=" " ind2=" " tag="338"><subfield code="b">nc</subfield><subfield code="2">rdacarrier</subfield></datafield><datafield ind1="1" ind2=" " tag="490"><subfield code="a">Pure and applied mathematics. Monographs and textbooks in pure and applied mathematics</subfield><subfield code="v">134</subfield></datafield><datafield ind1=" " ind2="7" tag="650"><subfield code="a">décision (statistique)</subfield><subfield code="0">(RERO)A010032905</subfield><subfield code="2">rerovoc</subfield></datafield><datafield ind1=" " ind2="7" tag="650"><subfield code="a">Bayes-Methode</subfield><subfield code="2">idsbb</subfield></datafield><datafield ind1=" " ind2="7" tag="650"><subfield code="a">BAYESSCHE THEORIE (WAHRSCHEINLICHKEITSRECHNUNG)</subfield><subfield code="9">ger</subfield><subfield code="0">(ETHUDK)000013581</subfield><subfield code="2">ethudk</subfield></datafield><datafield ind1="1" ind2=" " tag="700"><subfield code="a">Rolin, Jean</subfield></datafield><datafield ind1="1" ind2=" " tag="700"><subfield code="a">Rolin, Jean-Marie</subfield><subfield code="0">(IDREF)031625827</subfield></datafield><datafield ind1="1" ind2=" " tag="700"><subfield code="a">Mouchart, Michel</subfield><subfield code="d">19..-....</subfield><subfield code="0">(IDREF)031625819</subfield></datafield><datafield ind1="4" ind2=" " tag="856"><subfield code="3">Inhaltsverzeichnis</subfield><subfield code="u">http://www.ub.unibas.ch/tox/HBZ/HT003533391/PDF</subfield><subfield code="q">pdf</subfield></datafield><datafield ind1=" " ind2="0" tag="830"><subfield code="a">Pure and applied mathematics</subfield><subfield code="v">134</subfield><subfield code="w">(NEBIS)000034650EBI01</subfield></datafield><datafield ind1=" " ind2="0" tag="830"><subfield code="a">Pure and applied mathematics</subfield><subfield code="v">134</subfield><subfield code="w">(IDSBB)000053385DSV01</subfield></datafield><datafield ind1=" " ind2="0" tag="830"><subfield code="a">Pure and Applied Mathematics</subfield><subfield code="p">Dekker</subfield><subfield code="p">Monographs and textbooks in pure and applied mathematics</subfield><subfield code="p">Dekker</subfield><subfield code="v">134</subfield><subfield code="w">(RERO)0141703-41slsp</subfield></datafield><datafield ind1=" " ind2=" " tag="900"><subfield code="f">IDSU2medea</subfield></datafield><datafield ind1=" " ind2=" " tag="949"><subfield code="a">http://www.ub.unibas.ch/tox/HBZ/HT003533391/PDF</subfield></datafield></record>
</metadata></record>