<record><header><identifier>oai:alma.41SLSP_UGE:991000785889705502</identifier><datestamp>2023-11-02T02:28:52Z</datestamp><setSpec>uge_bcen_RapidILL_BOOK</setSpec><setSpec>uge_aaca_RapidILL_BOOK</setSpec><setSpec>uge_abels_RapidILL_BOOK</setSpec><setSpec>uge_dbu_RapidILL_BOOK</setSpec><setSpec>uge_cmu_RapidILL_BOOK</setSpec><setSpec>uge_mail_RapidILL_BOOK</setSpec><setSpec>uge_abbat_RapidILL_BOOK</setSpec><setSpec>UNIGE_ALL</setSpec><setSpec>uge_acar_RapidILL_BOOK</setSpec><setSpec>uge_aobs_RapidILL_BOOK</setSpec></header><metadata>
<record xmlns="http://www.loc.gov/MARC21/slim" xmlns:xsi="http://www.w3.org/2001/XMLSchema-instance" xsi:schemaLocation="http://www.loc.gov/MARC21/slim http://www.loc.gov/standards/marcxml/schema/MARC21slim.xsd"><leader>04111nam a2201021uc 4500</leader><controlfield tag="001">991000785889705502</controlfield><controlfield tag="005">20230619204507.0</controlfield><controlfield tag="008">201012t19901990gw     |      10| ||ger|d</controlfield><datafield ind1=" " ind2=" " tag="020"><subfield code="a">3451021242</subfield></datafield><datafield ind1=" " ind2=" " tag="035"><subfield code="a">(swissbib)233540334-41slsp_network</subfield></datafield><datafield ind1=" " ind2=" " tag="035"><subfield code="a">233540334</subfield><subfield code="9">ExL</subfield></datafield><datafield ind1=" " ind2=" " tag="035"><subfield code="a">(NEBIS)001124086EBI01</subfield></datafield><datafield ind1=" " ind2=" " tag="035"><subfield code="a">(RERO)1288253-41slsp</subfield></datafield><datafield ind1=" " ind2=" " tag="035"><subfield code="a">(IDSBB)000637201DSV01</subfield></datafield><datafield ind1=" " ind2=" " tag="035"><subfield code="a">(IDSLU)000051001ILU01</subfield></datafield><datafield ind1=" " ind2=" " tag="035"><subfield code="a">(EXLNZ-41SLSP_NETWORK)991131734879705501</subfield></datafield><datafield ind1=" " ind2=" " tag="040"><subfield code="a">ZBZ</subfield><subfield code="b">ger</subfield><subfield code="e">ETHICS-ISBD</subfield><subfield code="d">CH-ZuSLS</subfield></datafield><datafield ind1="1" ind2=" " tag="041"><subfield code="a">ger</subfield><subfield code="h">eng</subfield></datafield><datafield ind1=" " ind2=" " tag="044"><subfield code="a">gw</subfield><subfield code="a">sz</subfield></datafield><datafield ind1=" " ind2="7" tag="072"><subfield code="a">th</subfield><subfield code="2">rero</subfield></datafield><datafield ind1=" " ind2="7" tag="072"><subfield code="a">th</subfield><subfield code="2">SzZuIDS BS/BE</subfield></datafield><datafield ind1=" " ind2="7" tag="072"><subfield code="a">720</subfield><subfield code="2">IDS LU</subfield></datafield><datafield ind1=" " ind2="7" tag="072"><subfield code="a">760</subfield><subfield code="2">IDS LU</subfield></datafield><datafield ind1="0" ind2="0" tag="082"><subfield code="a">264</subfield><subfield code="2">20</subfield></datafield><datafield ind1="0" ind2="4" tag="082"><subfield code="a">234.5</subfield></datafield><datafield ind1="0" ind2="4" tag="082"><subfield code="a">291.5</subfield></datafield><datafield ind1=" " ind2=" " tag="084"><subfield code="a">BB 7000 - BB 9000</subfield><subfield code="2">rvk</subfield></datafield><datafield ind1=" " ind2=" " tag="084"><subfield code="a">BD 1480</subfield><subfield code="2">rvk</subfield></datafield><datafield ind1=" " ind2=" " tag="084"><subfield code="a">BS 1110</subfield><subfield code="2">rvk</subfield></datafield><datafield ind1=" " ind2=" " tag="084"><subfield code="a">BS 1125</subfield><subfield code="2">rvk</subfield></datafield><datafield ind1=" " ind2=" " tag="084"><subfield code="a">BS 1460</subfield><subfield code="2">rvk</subfield></datafield><datafield ind1=" " ind2=" " tag="084"><subfield code="a">BS 3300</subfield><subfield code="2">rvk</subfield></datafield><datafield ind1="0" ind2="0" tag="245"><subfield code="a">Versöhnung in der jüdischen und christlichen Liturgie</subfield><subfield code="c">David Ellenson ... [et al.]; hrsg. von Hanspeter Heinz, Klaus Kienzler, Jakob J. Petuchowski; [Übers. der engl. Beitr.: Hanspeter Heinz in Zsarb. mit Hans Hafner ... et al.]</subfield></datafield><datafield ind1=" " ind2="1" tag="264"><subfield code="a">Freiburg im Breisgau</subfield><subfield code="a">Basel [etc.]</subfield><subfield code="b">Herder</subfield><subfield code="c">1990</subfield></datafield><datafield ind1=" " ind2="4" tag="264"><subfield code="c">© 1990</subfield></datafield><datafield ind1=" " ind2=" " tag="300"><subfield code="a">232 S.</subfield><subfield code="c">22 cm</subfield></datafield><datafield ind1=" " ind2=" " tag="336"><subfield code="b">txt</subfield><subfield code="2">rdacontent</subfield></datafield><datafield ind1=" " ind2=" " tag="337"><subfield code="b">n</subfield><subfield code="2">rdamedia</subfield></datafield><datafield ind1=" " ind2=" " tag="338"><subfield code="b">nc</subfield><subfield code="2">rdacarrier</subfield></datafield><datafield ind1="1" ind2=" " tag="490"><subfield code="a">Quaestiones disputatae</subfield><subfield code="v">124</subfield></datafield><datafield ind1=" " ind2=" " tag="500"><subfield code="a">Beitr. des 3. Bronstein-Colloquium on Judaeo-Christian Studies, gehalten vom 2.-5. Juli 1989 in Augsburg</subfield></datafield><datafield ind1="0" ind2="7" tag="630"><subfield code="a">Bible</subfield><subfield code="0">(IDREF)028198654</subfield><subfield code="2">idref</subfield></datafield><datafield ind1=" " ind2="7" tag="650"><subfield code="a">Judentum</subfield><subfield code="2">idszbz</subfield></datafield><datafield ind1=" " ind2="7" tag="650"><subfield code="a">Liturgie</subfield><subfield code="2">idszbz</subfield></datafield><datafield ind1=" " ind2="7" tag="650"><subfield code="a">Versöhnung</subfield><subfield code="2">idszbz</subfield></datafield><datafield ind1=" " ind2="7" tag="650"><subfield code="a">Christentum</subfield><subfield code="0">(DE-588)4010074-1</subfield><subfield code="2">gnd</subfield></datafield><datafield ind1=" " ind2="7" tag="650"><subfield code="a">Judentum</subfield><subfield code="0">(DE-588)4114087-4</subfield><subfield code="2">gnd</subfield></datafield><datafield ind1=" " ind2="7" tag="650"><subfield code="a">Liturgie</subfield><subfield code="0">(DE-588)4036050-7</subfield><subfield code="2">gnd</subfield></datafield><datafield ind1=" " ind2="7" tag="650"><subfield code="a">Versöhnung</subfield><subfield code="0">(DE-588)4063213-1</subfield><subfield code="2">gnd</subfield></datafield><datafield ind1=" " ind2="0" tag="650"><subfield code="a">Atonement (Judaism)</subfield><subfield code="x">Congresses</subfield></datafield><datafield ind1=" " ind2="0" tag="650"><subfield code="a">Atonement</subfield><subfield code="x">Congresses</subfield></datafield><datafield ind1=" " ind2="0" tag="650"><subfield code="a">Christianity and other religions</subfield><subfield code="x">Judaism</subfield><subfield code="y">1945-</subfield><subfield code="x">Congresses</subfield></datafield><datafield ind1=" " ind2="0" tag="650"><subfield code="a">Judaism</subfield><subfield code="x">Liturgy</subfield><subfield code="x">Congresses</subfield></datafield><datafield ind1=" " ind2="0" tag="650"><subfield code="a">Judaism</subfield><subfield code="x">Relations</subfield><subfield code="x">Christianity</subfield><subfield code="y">1945-</subfield><subfield code="x">Congresses</subfield></datafield><datafield ind1=" " ind2="0" tag="650"><subfield code="a">Liturgics</subfield><subfield code="v">Congresses</subfield></datafield><datafield ind1=" " ind2="0" tag="650"><subfield code="a">Liturgics</subfield><subfield code="x">Congresses</subfield></datafield><datafield ind1=" " ind2="0" tag="650"><subfield code="a">Reconciliation</subfield><subfield code="v">Congresses</subfield><subfield code="x">Religious aspects</subfield><subfield code="x">Christianity</subfield></datafield><datafield ind1=" " ind2="0" tag="650"><subfield code="a">Reconciliation</subfield><subfield code="x">Religious aspects</subfield><subfield code="x">Christianity</subfield><subfield code="x">Congresses</subfield></datafield><datafield ind1=" " ind2="0" tag="650"><subfield code="a">Reconciliation</subfield><subfield code="x">Religious aspects</subfield><subfield code="x">Judaism</subfield><subfield code="x">Congresses</subfield></datafield><datafield ind1=" " ind2="0" tag="650"><subfield code="a">Yom Kippur</subfield><subfield code="v">Congresses</subfield></datafield><datafield ind1=" " ind2="0" tag="650"><subfield code="a">Yom Kippur</subfield><subfield code="v">Congresses</subfield><subfield code="x">Liturgy</subfield></datafield><datafield ind1=" " ind2="7" tag="650"><subfield code="a">réconciliation (théologie)</subfield><subfield code="0">(RERO)A010138967</subfield><subfield code="2">rerovoc</subfield></datafield><datafield ind1=" " ind2="7" tag="650"><subfield code="a">Exégèse</subfield><subfield code="0">(IDREF)027791114</subfield><subfield code="2">idref</subfield></datafield><datafield ind1=" " ind2="7" tag="650"><subfield code="a">Liturgie chrétienne</subfield><subfield code="0">(RERO)A027725878</subfield><subfield code="2">rero</subfield></datafield><datafield ind1=" " ind2="7" tag="650"><subfield code="a">Liturgie juive</subfield><subfield code="0">(RERO)A027725551</subfield><subfield code="2">rero</subfield></datafield><datafield ind1=" " ind2="7" tag="650"><subfield code="a">Liturgie</subfield><subfield code="x">Katholische Kirche</subfield><subfield code="2">idsbb</subfield></datafield><datafield ind1=" " ind2="7" tag="650"><subfield code="a">Versöhnung</subfield><subfield code="x">Liturgie</subfield><subfield code="2">idsbb</subfield></datafield><datafield ind1=" " ind2="7" tag="650"><subfield code="a">Liturgie</subfield><subfield code="x">Versöhnung</subfield><subfield code="2">idsbb</subfield></datafield><datafield ind1=" " ind2="7" tag="650"><subfield code="a">Jüdische Liturgie</subfield><subfield code="2">idsbb</subfield></datafield><datafield ind1=" " ind2="7" tag="650"><subfield code="a">Katholische Kirche</subfield><subfield code="x">Liturgie</subfield><subfield code="2">idsbb</subfield></datafield><datafield ind1=" " ind2="7" tag="651"><subfield code="a">Augsburg</subfield><subfield code="0">(DE-588)4003614-5</subfield><subfield code="2">gnd</subfield></datafield><datafield ind1=" " ind2="7" tag="655"><subfield code="a">Aufsatzsammlung</subfield><subfield code="2">idszbz</subfield></datafield><datafield ind1=" " ind2="7" tag="655"><subfield code="a">Konferenzschrift</subfield><subfield code="z">Augsburg</subfield><subfield code="y">1989</subfield><subfield code="2">gnd-content</subfield></datafield><datafield ind1=" " ind2="7" tag="655"><subfield code="a">[Études diverses]</subfield><subfield code="0">(RERO)A022249905</subfield><subfield code="2">rero</subfield></datafield><datafield ind1=" " ind2=" " tag="690"><subfield code="a">Juden, B: Liturgie: Versöhnung</subfield><subfield code="2">rzs-L1</subfield></datafield><datafield ind1=" " ind2=" " tag="690"><subfield code="a">Liturgie, jüdische, B: Versöhnung</subfield><subfield code="2">rzs-L1</subfield></datafield><datafield ind1=" " ind2=" " tag="690"><subfield code="a">Versöhnung, B: Liturgie</subfield><subfield code="2">rzs-L1</subfield></datafield><datafield ind1=" " ind2=" " tag="690"><subfield code="a">Liturgie, B: Versöhnung</subfield><subfield code="2">rzs-L1</subfield></datafield><datafield ind1=" " ind2=" " tag="690"><subfield code="a">Versöhung, Jüdisch-christliche</subfield><subfield code="2">rzs-KK</subfield></datafield><datafield ind1="1" ind2=" " tag="700"><subfield code="a">Ellenson, David</subfield><subfield code="0">(IDREF)130308587</subfield></datafield><datafield ind1="1" ind2=" " tag="700"><subfield code="a">Ellenson, David</subfield></datafield><datafield ind1="1" ind2=" " tag="700"><subfield code="a">Kienzler, Klaus</subfield><subfield code="d">1944-</subfield><subfield code="0">(DE-588)115838279</subfield></datafield><datafield ind1="1" ind2=" " tag="700"><subfield code="a">Petuchowski, Jakob Josef</subfield></datafield><datafield ind1="1" ind2=" " tag="700"><subfield code="a">Ellenson, David Harry</subfield><subfield code="d">1947-</subfield><subfield code="0">(DE-588)137428464</subfield></datafield><datafield ind1="1" ind2=" " tag="700"><subfield code="a">Heinz, Hanspeter</subfield><subfield code="d">1939-</subfield><subfield code="0">(DE-588)115461965</subfield><subfield code="6">880-05</subfield></datafield><datafield ind1="1" ind2=" " tag="880"><subfield code="6">700-05</subfield><subfield code="a">Heinz, Hanspeter</subfield><subfield code="d">1939-....</subfield><subfield code="0">(IDREF)028486587</subfield></datafield><datafield ind1="2" ind2=" " tag="711"><subfield code="a">Bronstein Colloquium on Judaeo-Christian Studies</subfield><subfield code="0">(DE-588)1091768277</subfield></datafield><datafield ind1=" " ind2="0" tag="830"><subfield code="a">Quaestiones disputatae</subfield><subfield code="p">Herder</subfield><subfield code="v">124</subfield><subfield code="w">(RERO)0289264-41slsp</subfield></datafield><datafield ind1=" " ind2="0" tag="830"><subfield code="a">Quaestiones disputatae</subfield><subfield code="v">124</subfield><subfield code="w">(IDSLU)000134397ILU01</subfield></datafield></record>
</metadata></record>