<record><header><identifier>oai:alma.41SLSP_UGE:991000785819705502</identifier><datestamp>2023-03-01T01:09:48Z</datestamp><setSpec>uge_bcen_RapidILL_BOOK</setSpec><setSpec>uge_aaca_RapidILL_BOOK</setSpec><setSpec>uge_abels_RapidILL_BOOK</setSpec><setSpec>uge_dbu_RapidILL_BOOK</setSpec><setSpec>uge_cmu_RapidILL_BOOK</setSpec><setSpec>uge_mail_RapidILL_BOOK</setSpec><setSpec>UNIGE_ALL</setSpec><setSpec>uge_abbat_RapidILL_BOOK</setSpec><setSpec>uge_acar_RapidILL_BOOK</setSpec><setSpec>uge_aobs_RapidILL_BOOK</setSpec></header><metadata>
<record xmlns="http://www.loc.gov/MARC21/slim" xmlns:xsi="http://www.w3.org/2001/XMLSchema-instance" xsi:schemaLocation="http://www.loc.gov/MARC21/slim http://www.loc.gov/standards/marcxml/schema/MARC21slim.xsd"><leader>01624nam a2200445 c 4500</leader><controlfield tag="001">991000785819705502</controlfield><controlfield tag="005">20201230211844.0</controlfield><controlfield tag="008">201011s1978    gw ||||| |||| 00| ||lat d</controlfield><datafield ind1="7" ind2=" " tag="024"><subfield code="a">http://catalogue.bnf.fr/ark:/12148/cb356546400</subfield><subfield code="2">uri</subfield></datafield><datafield ind1=" " ind2=" " tag="035"><subfield code="a">(swissbib)224250817-41slsp_network</subfield></datafield><datafield ind1=" " ind2=" " tag="035"><subfield code="a">224250817</subfield><subfield code="9">ExL</subfield></datafield><datafield ind1=" " ind2=" " tag="035"><subfield code="a">(RERO)0196484-41slsp</subfield></datafield><datafield ind1=" " ind2=" " tag="035"><subfield code="a">(IDSLU)000658592ILU01</subfield></datafield><datafield ind1=" " ind2=" " tag="035"><subfield code="a">(NEBIS)002918965EBI01</subfield></datafield><datafield ind1=" " ind2=" " tag="035"><subfield code="a">(IDSBB)000471790DSV01</subfield></datafield><datafield ind1=" " ind2=" " tag="035"><subfield code="a">(EXLNZ-41SLSP_NETWORK)991030569569705501</subfield></datafield><datafield ind1=" " ind2=" " tag="040"><subfield code="a">RERO</subfield><subfield code="d">CH-ZuSLS</subfield></datafield><datafield ind1="0" ind2=" " tag="041"><subfield code="a">lat</subfield></datafield><datafield ind1=" " ind2="7" tag="072"><subfield code="a">la</subfield><subfield code="2">rero</subfield></datafield><datafield ind1=" " ind2="7" tag="072"><subfield code="a">kp</subfield><subfield code="2">SzZuIDS BS/BE</subfield></datafield><datafield ind1="1" ind2=" " tag="100"><subfield code="a">Ovidius Naso, Publius</subfield><subfield code="d">v43-17</subfield><subfield code="0">(DE-588)118590995</subfield><subfield code="6">880-01</subfield></datafield><datafield ind1="1" ind2=" " tag="880"><subfield code="6">100-01</subfield><subfield code="a">Ovide</subfield><subfield code="d">0043 av. J.-C.-0017</subfield><subfield code="0">(IDREF)027054764</subfield><subfield code="4">cre</subfield></datafield><datafield ind1="1" ind2="0" tag="240"><subfield code="a">Fasti</subfield></datafield><datafield ind1="1" ind2="0" tag="245"><subfield code="a">P. Ovidi Nasonis fastorum libri sex</subfield><subfield code="c">recensuerunt E.H. Alton, D.E.W. Wormell, [et al.]</subfield></datafield><datafield ind1="1" ind2="3" tag="246"><subfield code="a">Fasti</subfield></datafield><datafield ind1=" " ind2="1" tag="264"><subfield code="a">Leipzig</subfield><subfield code="b">B.G. Teubner</subfield><subfield code="c">1978</subfield></datafield><datafield ind1=" " ind2=" " tag="300"><subfield code="a">XXIV, 185 p.</subfield><subfield code="b">fig.</subfield><subfield code="c">21 cm</subfield></datafield><datafield ind1=" " ind2=" " tag="336"><subfield code="b">txt</subfield><subfield code="2">rdacontent</subfield></datafield><datafield ind1=" " ind2=" " tag="337"><subfield code="b">n</subfield><subfield code="2">rdamedia</subfield></datafield><datafield ind1=" " ind2=" " tag="338"><subfield code="b">nc</subfield><subfield code="2">rdacarrier</subfield></datafield><datafield ind1="0" ind2=" " tag="490"><subfield code="a">Akademie der Wissenschaften der DDR. Zentralinstitut für alte Geschichte und Archäologie</subfield></datafield><datafield ind1="1" ind2=" " tag="490"><subfield code="a">Bibliotheca scriptorum Graecorum et Romanorum Teubneriana</subfield></datafield><datafield ind1=" " ind2=" " tag="500"><subfield code="a">Originaltitel: Fasti</subfield></datafield><datafield ind1="1" ind2=" " tag="700"><subfield code="a">Courtney, Edward</subfield></datafield><datafield ind1="1" ind2="2" tag="700"><subfield code="a">Ovidius Naso, Publius</subfield><subfield code="t">Fasti</subfield></datafield><datafield ind1="1" ind2=" " tag="700"><subfield code="a">Wormell, Donald Ernest Wilson</subfield><subfield code="0">(IDREF)032405421</subfield></datafield><datafield ind1="1" ind2=" " tag="700"><subfield code="a">Alton, Ernest Henry</subfield><subfield code="0">(IDREF)02800700X</subfield></datafield><datafield ind1=" " ind2=" " tag="830"><subfield code="a">Bibliotheca scriptorum graecorum et romanorum teubneriana</subfield><subfield code="w">(RERO)0000217-41slsp</subfield></datafield><datafield ind1=" " ind2=" " tag="900"><subfield code="a">REROnoselfmerge</subfield></datafield><datafield ind1=" " ind2=" " tag="900"><subfield code="a">IDSZRMedeaZBZ</subfield><subfield code="b">IDSZRSWK</subfield></datafield><datafield ind1=" " ind2=" " tag="900"><subfield code="f">IDSU2medea</subfield></datafield></record>
</metadata></record>