<record><header><identifier>oai:alma.41SLSP_UGE:991000785399705502</identifier><datestamp>2023-03-01T01:09:48Z</datestamp><setSpec>uge_bcen_RapidILL_BOOK</setSpec><setSpec>uge_aaca_RapidILL_BOOK</setSpec><setSpec>uge_abels_RapidILL_BOOK</setSpec><setSpec>uge_dbu_RapidILL_BOOK</setSpec><setSpec>uge_cmu_RapidILL_BOOK</setSpec><setSpec>uge_mail_RapidILL_BOOK</setSpec><setSpec>UNIGE_ALL</setSpec><setSpec>uge_abbat_RapidILL_BOOK</setSpec><setSpec>uge_aobs_RapidILL_BOOK</setSpec><setSpec>uge_acar_RapidILL_BOOK</setSpec></header><metadata>
<record xmlns="http://www.loc.gov/MARC21/slim" xmlns:xsi="http://www.w3.org/2001/XMLSchema-instance" xsi:schemaLocation="http://www.loc.gov/MARC21/slim http://www.loc.gov/standards/marcxml/schema/MARC21slim.xsd"><leader>01478nam a2200373 c 4500</leader><controlfield tag="001">991000785399705502</controlfield><controlfield tag="005">20210206202223.0</controlfield><controlfield tag="008">201012s1997    fr ||||| |||| 00| ||fre d</controlfield><datafield ind1=" " ind2=" " tag="020"><subfield code="a">2225855226</subfield></datafield><datafield ind1="7" ind2=" " tag="024"><subfield code="a">http://catalogue.bnf.fr/ark:/12148/cb375353403</subfield><subfield code="2">uri</subfield></datafield><datafield ind1=" " ind2=" " tag="035"><subfield code="a">(swissbib)239052390-41slsp_network</subfield></datafield><datafield ind1=" " ind2=" " tag="035"><subfield code="a">239052390</subfield><subfield code="9">ExL</subfield></datafield><datafield ind1=" " ind2=" " tag="035"><subfield code="a">(RERO)R003040206-41slsp</subfield></datafield><datafield ind1=" " ind2=" " tag="035"><subfield code="a">(NEBIS)001866716EBI01</subfield></datafield><datafield ind1=" " ind2=" " tag="035"><subfield code="a">(EXLNZ-41SLSP_NETWORK)991074732519705501</subfield></datafield><datafield ind1=" " ind2=" " tag="040"><subfield code="a">RERO frbcuc</subfield><subfield code="d">CH-ZuSLS</subfield></datafield><datafield ind1="1" ind2=" " tag="041"><subfield code="a">fre</subfield><subfield code="h">ger</subfield></datafield><datafield ind1=" " ind2="7" tag="072"><subfield code="a">py</subfield><subfield code="2">rero</subfield></datafield><datafield ind1="1" ind2=" " tag="100"><subfield code="a">Lauterborn, Werner</subfield><subfield code="d">1942-....</subfield><subfield code="0">(IDREF)034477012</subfield><subfield code="4">cre</subfield></datafield><datafield ind1="1" ind2="0" tag="245"><subfield code="a">Optique cohérente</subfield><subfield code="b">fondements et applications</subfield><subfield code="c">Werner Lauterborn, Thomas Kurz, Martin Wiesenfeldt ; trad. de l'allemand par Géraldine Bloch</subfield></datafield><datafield ind1="1" ind2=" " tag="246"><subfield code="a">Kohärente Optik, Grundlagen für Physiker und Ingenieure</subfield></datafield><datafield ind1=" " ind2="1" tag="264"><subfield code="a">Paris [etc.]</subfield><subfield code="b">Masson</subfield><subfield code="c">1997</subfield></datafield><datafield ind1=" " ind2=" " tag="300"><subfield code="a">X, 277 p.</subfield><subfield code="b">ill.</subfield><subfield code="c">24 cm</subfield></datafield><datafield ind1=" " ind2=" " tag="336"><subfield code="b">txt</subfield><subfield code="2">rdacontent</subfield></datafield><datafield ind1=" " ind2=" " tag="337"><subfield code="b">n</subfield><subfield code="2">rdamedia</subfield></datafield><datafield ind1=" " ind2=" " tag="338"><subfield code="b">nc</subfield><subfield code="2">rdacarrier</subfield></datafield><datafield ind1="1" ind2=" " tag="490"><subfield code="a">Enseignement de la physique</subfield></datafield><datafield ind1=" " ind2=" " tag="500"><subfield code="a">Traduit de: Kohärente Optik, Grundlagen für Physiker und Ingenieure</subfield></datafield><datafield ind1=" " ind2=" " tag="500"><subfield code="a">Titre original: Kohärente Optik, Grundlagen für Physiker und Ingenieure. Berlin, cop. 1993</subfield></datafield><datafield ind1=" " ind2=" " tag="504"><subfield code="a">Bibliogr</subfield></datafield><datafield ind1="1" ind2=" " tag="700"><subfield code="a">Kurz, Thomas</subfield><subfield code="0">(RERO)A003481181</subfield></datafield><datafield ind1="1" ind2=" " tag="700"><subfield code="a">Wiesenfeldt, Martin</subfield><subfield code="d">1960-....</subfield><subfield code="0">(IDREF)034477039</subfield></datafield><datafield ind1="1" ind2=" " tag="700"><subfield code="a">Bloch, Géraldine</subfield><subfield code="0">(IDREF)120010151</subfield></datafield><datafield ind1=" " ind2="0" tag="830"><subfield code="a">Enseignement de la physique</subfield></datafield><datafield ind1=" " ind2=" " tag="900"><subfield code="a">REROnoselfmerge</subfield></datafield></record>
</metadata></record>