<record><header><identifier>oai:alma.41SLSP_UGE:991000785089705502</identifier><datestamp>2024-02-12T01:18:31Z</datestamp><setSpec>uge_bcen_RapidILL_BOOK</setSpec><setSpec>uge_aaca_RapidILL_BOOK</setSpec><setSpec>uge_abels_RapidILL_BOOK</setSpec><setSpec>uge_dbu_RapidILL_BOOK</setSpec><setSpec>uge_cmu_RapidILL_BOOK</setSpec><setSpec>uge_mail_RapidILL_BOOK</setSpec><setSpec>uge_abbat_RapidILL_BOOK</setSpec><setSpec>UNIGE_ALL</setSpec><setSpec>uge_aobs_RapidILL_BOOK</setSpec><setSpec>uge_acar_RapidILL_BOOK</setSpec></header><metadata>
<record xmlns="http://www.loc.gov/MARC21/slim" xmlns:xsi="http://www.w3.org/2001/XMLSchema-instance" xsi:schemaLocation="http://www.loc.gov/MARC21/slim http://www.loc.gov/standards/marcxml/schema/MARC21slim.xsd"><leader>01396nam a2200361 c 4500</leader><controlfield tag="001">991000785089705502</controlfield><controlfield tag="005">20230115210957.0</controlfield><controlfield tag="008">201011m19821984xxu    |      00| ||eng|d</controlfield><datafield ind1=" " ind2=" " tag="020"><subfield code="a">0849302269</subfield><subfield code="q">Vol. 1</subfield></datafield><datafield ind1=" " ind2=" " tag="020"><subfield code="a">0849302277</subfield><subfield code="q">Vol. 2</subfield></datafield><datafield ind1=" " ind2=" " tag="020"><subfield code="a">0849302285</subfield><subfield code="q">Vol. 3</subfield></datafield><datafield ind1=" " ind2=" " tag="035"><subfield code="a">(swissbib)215533801-41slsp_network</subfield></datafield><datafield ind1=" " ind2=" " tag="035"><subfield code="a">215533801</subfield><subfield code="9">ExL</subfield></datafield><datafield ind1=" " ind2=" " tag="035"><subfield code="a">(NEBIS)000312059EBI01</subfield></datafield><datafield ind1=" " ind2=" " tag="035"><subfield code="a">(RERO)0947175-41slsp</subfield></datafield><datafield ind1=" " ind2=" " tag="035"><subfield code="a">(EXLNZ-41SLSP_NETWORK)991158211559705501</subfield></datafield><datafield ind1=" " ind2=" " tag="040"><subfield code="a">ETH-BIB</subfield><subfield code="b">ger</subfield><subfield code="e">ETHICS-ISBD</subfield><subfield code="d">CH-ZuSLS</subfield></datafield><datafield ind1=" " ind2="7" tag="072"><subfield code="a">st</subfield><subfield code="2">rero</subfield></datafield><datafield ind1="0" ind2="0" tag="245"><subfield code="a">CRC Handbook of physical properties of rocks</subfield><subfield code="c">ed.: Robert S.Carmichael</subfield></datafield><datafield ind1=" " ind2="1" tag="264"><subfield code="a">Boca Raton - Fla.</subfield><subfield code="b">CRC Press</subfield><subfield code="c">1982-1984</subfield></datafield><datafield ind1=" " ind2="4" tag="264"><subfield code="c">© 1982-1984</subfield></datafield><datafield ind1=" " ind2=" " tag="300"><subfield code="a">3 vol.</subfield><subfield code="c">27 cm</subfield><subfield code="b">fig.; tab.; diagr.</subfield></datafield><datafield ind1=" " ind2=" " tag="336"><subfield code="b">txt</subfield><subfield code="2">rdacontent</subfield></datafield><datafield ind1=" " ind2=" " tag="337"><subfield code="b">n</subfield><subfield code="2">rdamedia</subfield></datafield><datafield ind1=" " ind2=" " tag="338"><subfield code="b">nc</subfield><subfield code="2">rdacarrier</subfield></datafield><datafield ind1=" " ind2="7" tag="650"><subfield code="a">FELSMECHANIK (BAUINGENIEURWESEN)</subfield><subfield code="9">ger</subfield><subfield code="0">(ETHUDK)000029833</subfield><subfield code="2">ethudk</subfield></datafield><datafield ind1=" " ind2="7" tag="650"><subfield code="a">NUMERISCHE TAFELWERKE (DOKUMENTENTYP)</subfield><subfield code="9">ger</subfield><subfield code="0">(ETHUDK)000000107</subfield><subfield code="2">ethudk</subfield></datafield><datafield ind1=" " ind2="7" tag="650"><subfield code="a">PHYSIKALISCHE GESTEINSEIGENSCHAFTEN (PETROGRAPHIE)</subfield><subfield code="9">ger</subfield><subfield code="0">(ETHUDK)000055026</subfield><subfield code="2">ethudk</subfield></datafield><datafield ind1=" " ind2="7" tag="650"><subfield code="a">roche (pétrographie) - propriété physique</subfield><subfield code="0">(RERO)A010141734</subfield><subfield code="2">rerovoc</subfield></datafield><datafield ind1=" " ind2="7" tag="655"><subfield code="a">Manuels d'enseignement</subfield><subfield code="0">(IDREF)027446514</subfield><subfield code="2">idref</subfield></datafield><datafield ind1="1" ind2=" " tag="700"><subfield code="a">Carmichael, Robert S.</subfield><subfield code="0">(IDREF)033591377</subfield></datafield><datafield ind1="1" ind2=" " tag="700"><subfield code="a">Carmichael, R.S.</subfield></datafield><datafield ind1="2" ind2=" " tag="710"><subfield code="a">CRC Press</subfield><subfield code="0">(DE-588)2174009-4</subfield></datafield><datafield ind1=" " ind2=" " tag="900"><subfield code="a">REROnoselfmerge</subfield></datafield></record>
</metadata></record>