<record><header><identifier>oai:alma.41SLSP_UGE:991000785619705502</identifier><datestamp>2023-03-03T01:07:54Z</datestamp><setSpec>uge_bcen_RapidILL_BOOK</setSpec><setSpec>uge_aaca_RapidILL_BOOK</setSpec><setSpec>uge_abels_RapidILL_BOOK</setSpec><setSpec>uge_dbu_RapidILL_BOOK</setSpec><setSpec>uge_cmu_RapidILL_BOOK</setSpec><setSpec>uge_mail_RapidILL_BOOK</setSpec><setSpec>uge_abbat_RapidILL_BOOK</setSpec><setSpec>UNIGE_ALL</setSpec><setSpec>uge_aobs_RapidILL_BOOK</setSpec><setSpec>uge_acar_RapidILL_BOOK</setSpec></header><metadata>
<record xmlns="http://www.loc.gov/MARC21/slim" xmlns:xsi="http://www.w3.org/2001/XMLSchema-instance" xsi:schemaLocation="http://www.loc.gov/MARC21/slim http://www.loc.gov/standards/marcxml/schema/MARC21slim.xsd"><leader>08604nam a2200913 c 4500</leader><controlfield tag="001">991000785619705502</controlfield><controlfield tag="005">20230302181840.0</controlfield><controlfield tag="008">201012s2020    gw a||||      00| ||eng| </controlfield><datafield ind1=" " ind2=" " tag="015"><subfield code="a">19,N23</subfield><subfield code="2">dnb</subfield></datafield><datafield ind1="7" ind2=" " tag="016"><subfield code="a">1187362379</subfield><subfield code="2">DE-101</subfield></datafield><datafield ind1=" " ind2=" " tag="020"><subfield code="a">3406743935</subfield></datafield><datafield ind1=" " ind2=" " tag="020"><subfield code="a">3848762129</subfield></datafield><datafield ind1=" " ind2=" " tag="020"><subfield code="a">1509931937</subfield></datafield><datafield ind1=" " ind2=" " tag="020"><subfield code="a">9783406743931</subfield><subfield code="q">Beck</subfield><subfield code="q">Gewebe</subfield><subfield code="c">circa EUR 120.00 (DE)</subfield></datafield><datafield ind1=" " ind2=" " tag="020"><subfield code="a">9781509931934</subfield><subfield code="q">Hart</subfield><subfield code="q">Gewebe</subfield></datafield><datafield ind1=" " ind2=" " tag="020"><subfield code="a">9783848762125</subfield><subfield code="q">Nomos</subfield><subfield code="q">Gewebe</subfield><subfield code="c">circa EUR 120.00 (DE)</subfield></datafield><datafield ind1="3" ind2=" " tag="024"><subfield code="a">9783848762125</subfield></datafield><datafield ind1="3" ind2=" " tag="024"><subfield code="a">9783406743931</subfield></datafield><datafield ind1=" " ind2=" " tag="035"><subfield code="a">(swissbib)236804502-41slsp_network</subfield></datafield><datafield ind1=" " ind2=" " tag="035"><subfield code="a">236804502</subfield><subfield code="9">ExL</subfield></datafield><datafield ind1=" " ind2=" " tag="035"><subfield code="a">(IDSLU)001401336ILU01</subfield></datafield><datafield ind1=" " ind2=" " tag="035"><subfield code="a">(IDSBB)007195006DSV01</subfield></datafield><datafield ind1=" " ind2=" " tag="035"><subfield code="a">(IDSSG)001075184HSB01</subfield></datafield><datafield ind1=" " ind2=" " tag="035"><subfield code="a">(NEBIS)011561311EBI01</subfield></datafield><datafield ind1=" " ind2=" " tag="035"><subfield code="a">(RERO)R009042808-41slsp</subfield></datafield><datafield ind1=" " ind2=" " tag="035"><subfield code="a">(DE-599)DNB1187362379</subfield></datafield><datafield ind1=" " ind2=" " tag="035"><subfield code="a">(OCoLC)1103693246</subfield></datafield><datafield ind1=" " ind2=" " tag="035"><subfield code="a">(OCoLC)1131760200</subfield></datafield><datafield ind1=" " ind2=" " tag="035"><subfield code="a">(EXLNZ-41SLSP_NETWORK)991003063909705501</subfield></datafield><datafield ind1=" " ind2=" " tag="040"><subfield code="a">1245</subfield><subfield code="b">ger</subfield><subfield code="e">rda</subfield><subfield code="d">CH-ZuSLS</subfield></datafield><datafield ind1="1" ind2=" " tag="041"><subfield code="a">eng</subfield><subfield code="h">ger</subfield></datafield><datafield ind1=" " ind2="7" tag="072"><subfield code="a">801</subfield><subfield code="2">IDS LU</subfield></datafield><datafield ind1=" " ind2="7" tag="072"><subfield code="a">dr</subfield><subfield code="2">rero</subfield></datafield><datafield ind1="1" ind2="4" tag="082"><subfield code="a">340</subfield><subfield code="2">15</subfield></datafield><datafield ind1="7" ind2="4" tag="082"><subfield code="a">340</subfield><subfield code="2">23sdnb</subfield></datafield><datafield ind1=" " ind2=" " tag="084"><subfield code="a">PZ 3250</subfield><subfield code="2">rvk</subfield></datafield><datafield ind1=" " ind2=" " tag="084"><subfield code="a">PZ 4600</subfield><subfield code="2">rvk</subfield></datafield><datafield ind1=" " ind2=" " tag="084"><subfield code="a">PZ 4700</subfield><subfield code="2">rvk</subfield></datafield><datafield ind1=" " ind2=" " tag="084"><subfield code="a">QP 345</subfield><subfield code="2">rvk</subfield></datafield><datafield ind1=" " ind2=" " tag="084"><subfield code="a">CA/D 65.1 h</subfield><subfield code="2">cjurrom</subfield></datafield><datafield ind1=" " ind2=" " tag="084"><subfield code="a">CA/D 65.1 g</subfield><subfield code="2">cjurrom</subfield></datafield><datafield ind1=" " ind2=" " tag="084"><subfield code="a">A 60.1 g</subfield><subfield code="2">cjurrom</subfield></datafield><datafield ind1=" " ind2=" " tag="084"><subfield code="a">CA/D 60.1 g</subfield><subfield code="2">cjurrom</subfield></datafield><datafield ind1=" " ind2=" " tag="084"><subfield code="a">CA/CE 65.1 g</subfield><subfield code="2">cjurrom</subfield></datafield><datafield ind1=" " ind2=" " tag="084"><subfield code="a">CA/D 86 g</subfield><subfield code="2">cjurrom</subfield></datafield><datafield ind1="1" ind2=" " tag="100"><subfield code="6">880-01</subfield><subfield code="a">Caldarola, Maria Cristina</subfield><subfield code="0">(DE-588)1164084259</subfield><subfield code="e">Verfasser</subfield><subfield code="4">aut</subfield></datafield><datafield ind1="1" ind2=" " tag="880"><subfield code="6">100-01</subfield><subfield code="a">Caldarola, Maria Cristina</subfield><subfield code="0">(IDREF)11384977X</subfield><subfield code="4">aut</subfield></datafield><datafield ind1="1" ind2="0" tag="240"><subfield code="a">Big Data und Recht</subfield></datafield><datafield ind1="1" ind2="0" tag="245"><subfield code="a">Big data and law</subfield><subfield code="b">a practitioner's guide</subfield><subfield code="c">by Maria Cristina Caldarola, Joachim Schrey</subfield></datafield><datafield ind1=" " ind2="1" tag="264"><subfield code="a">München</subfield><subfield code="b">Beck</subfield><subfield code="a">Baden-Baden</subfield><subfield code="b">Nomos</subfield><subfield code="a">Oxford</subfield><subfield code="b">Hart</subfield><subfield code="c">2020</subfield></datafield><datafield ind1=" " ind2=" " tag="300"><subfield code="a">XXII, 178 Seiten</subfield><subfield code="b">Illustrationen</subfield><subfield code="c">25 cm</subfield></datafield><datafield ind1=" " ind2=" " tag="336"><subfield code="b">txt</subfield><subfield code="2">rdacontent</subfield></datafield><datafield ind1=" " ind2=" " tag="337"><subfield code="b">n</subfield><subfield code="2">rdamedia</subfield></datafield><datafield ind1=" " ind2=" " tag="338"><subfield code="b">nc</subfield><subfield code="2">rdacarrier</subfield></datafield><datafield ind1=" " ind2=" " tag="500"><subfield code="a">&quot;Published by Verlag C.H. Beck, München; Co-published by Hart Publishing, Oxford UK and Nomos Verlagsges., Baden-Baden&quot; (Impressum). - Deutschsprachige Ausgabe: Big Data und Recht</subfield></datafield><datafield ind1="2" ind2="7" tag="610"><subfield code="a">Europäische Union</subfield><subfield code="0">(DE-588)5098525-5</subfield><subfield code="2">gnd</subfield></datafield><datafield ind1="2" ind2="7" tag="610"><subfield code="a">Union européenne</subfield><subfield code="0">(IDREF)032486324</subfield><subfield code="2">idref</subfield></datafield><datafield ind1=" " ind2="7" tag="650"><subfield code="a">Big Data</subfield><subfield code="0">(DE-588)4802620-7</subfield><subfield code="2">gnd</subfield></datafield><datafield ind1=" " ind2="7" tag="650"><subfield code="a">Datenschutz</subfield><subfield code="0">(DE-588)4011134-9</subfield><subfield code="2">gnd</subfield></datafield><datafield ind1=" " ind2="7" tag="650"><subfield code="a">Recht</subfield><subfield code="0">(DE-588)4048737-4</subfield><subfield code="2">gnd</subfield></datafield><datafield ind1=" " ind2="7" tag="650"><subfield code="a">Données massives</subfield><subfield code="0">(IDREF)167193686</subfield><subfield code="2">idref</subfield></datafield><datafield ind1=" " ind2="7" tag="650"><subfield code="a">Protection de l'information (informatique)</subfield><subfield code="0">(IDREF)02801877X</subfield><subfield code="2">idref</subfield></datafield><datafield ind1=" " ind2="7" tag="651"><subfield code="a">Deutschland</subfield><subfield code="0">(DE-588)4011882-4</subfield><subfield code="2">gnd</subfield></datafield><datafield ind1=" " ind2="7" tag="651"><subfield code="a">Allemagne</subfield><subfield code="0">(IDREF)027218856</subfield><subfield code="2">idref</subfield></datafield><datafield ind1=" " ind2=" " tag="690"><subfield code="a">Datenschutzbeauftragter; Schutzverletzung; Garantie; Datenanalyse; Kontrolle; Vertragsrecht; Datenerfassung; Verarbeitung; Gesetz; Grundrecht; Sanktion; Urheberrecht; Betriebsverfassung; Verbot; Tarifvertrag; Sammlung; Berechtigungskontrolle; Übertragung; Datenbankverwaltungssystem; Anforderung; Kombination; Beziehung; Aufbewahrungspflicht; Erhebung; Nutzung</subfield><subfield code="2">idssg-J</subfield></datafield><datafield ind1=" " ind2=" " tag="690"><subfield code="a">Löschverpflichtung; Systemdatenschutz; Benutzerkontrolle; Bewerberanalyse; Einverständniserklärung; Einzelentscheidung; Eröffnungsklausel; Folgenabschätzung; Mitarbeiteranalyse; Outlösung; Projektanalyse; Schadensersatzanspruch; Stimmungsanalyse; Trennkontrolle; Unterlassungsanspruch; Verfügbarkeitskontrolle; Vertragskontrolle; Zweckänderung; Sachdaten; Aufsichtsrecht; Datenbankschutzrecht; Datensammlung; Datenschutzverpflichtung; Geschäftsgeheimnisgesetz; Geschäftsprozessreferenz; Interessenausgleich; Mitarbeiterbindung; Mitwirkungsrecht; Nichteinhaltung; Prozessorvereinbarung; Speichersteuerung; Tzvereinbarung#gesetz; Urheberrechtsanspruch; Urheberrechtsvertragsrecht; Vertragserfüllung; Widerrufsrecht; Zerstörungsanspruch; Analyseergebnis; Bewerberdaten; Datenkategorie; Datenschutzverletzung; Erhebungsdaten; Fahrgestellnummer; Kundennummer; Mitarbeiterdaten; Nutzungsdaten; Pflichtverletzung; Rechtsfolge; Schlüsselwort; Anwendungsbereich; Aufbewahrungsfrist; Benutzerprofil; Beschäftigungskontext; Compliancemanagementsystem; Datenabruf; Datenbankmodell; Datendienstanbieter; Dateneigentum; Datenlieferant; Datenlöschkonzept; Datenmedium; Datenmenge; Datenquelle; Datenschutzbestimmung; Datentreuhänder; Datentype; Datenzweck; Datenzyklus; Datenübertragbarkeit; Drittanbieter; Fachwissen; G; Handelsregister; Haushaltsinhaber; Herkunftsland; Informationspflicht; Kontrollpflicht; Lagerort; Leitfaden; Lizenzgeber; Löschfrist; Löschklasse; Matrixstruktur; Mitgliedstaat; Privatperson; Rechenschaftspflicht; Rechtsgrund; Sammelwerk; Schutzrechter; Selbstbestimmung; Sonderfall; Startzeit; Technologiesystem; Teilnahme; Verarbeitungsaktivität; Vertragsstrafe; Zeitarbeitskraft; Überprüfungsschritt; Überwachungspflicht</subfield><subfield code="2">idssg-J</subfield></datafield><datafield ind1=" " ind2=" " tag="690"><subfield code="a">anderes Merkmal; aufgeführte Anforderung; geltende Bestimmung; materieller Schaden; organisatorische Einbeziehung; rechte Person; sachliches Daten; sonstiges Element; technische Maßnahme; verschiedenes Daten; allgemeiner Grundsatz; anderer Fall; anderes Land; anderer Zweck; angemessene Garantie; anonymes Daten; anonymisiertes Daten; beabsichtigte Nachbearbeitung; bereitgestelltes Erhebungsdaten; besondere Kategorie; bestimmte Datenquelle; betroffene Person; deutsches Geschäftsgeheimnis; deutsches Geschäftsgeheimnisgesetz; dynamisch IPAdressen; dynamische Matrixstruktur; dynamische Zweckänderung; eigen Doud; eigenständiges Element; einheitliche Löschfrist; einleitende Bemerkung; einschlägiges Gesetz; einzelnes Element; empfohlene Maßnahme; erneute Identifizierung; externe Beziehung; formale Anforderung; freier Wille; gemeinsamer Controller; gemeinsame Geschäftsführung; gemeinsamer Kontrolleur; generierte Einzelentscheidung; gesetzliche Anforderung; gesetzliche Aufbewahrungspflicht; gesetzliche Bestimmung; gesetzlicher Grund; gespeichertes Daten; grenzüberschreitende Datenverarbeitung; große Datenmenge; identifizierendes Merkmal; immaterieller Schaden; informative Selbstbestimmung; interne Beziehung; interne Vereinbarung; internes Verfahren; kriminelle Tat; liegender Algorithmus; mögliche Folge; nachrangiger Anspruch; neuer Zweck; niedergelassenes Unternehmen; notwendiges Element; operative Einbeziehung; organisatorische Maßnahme; personenbezogen Auswertungs; personenbezogenes Daten; personenbezogener Datensatz; personenbezogenes Sachdaten; persönliches Daten; persönliche Referenz; rechtlicher Grund; rechtliche Konsequenz; sonstige Verpflichtung; soziales Medium; soziales Netzwerk; spezifische Anforderung; spezifische Aufgabe; strafrechtliche Relevanz; unautorisierter Zugriff; verantwortliche Stelle; verarbeitetes Daten; verbundener Rechtsgrund; verschiedene Datenbank</subfield><subfield code="2">idssg-J</subfield></datafield><datafield ind1=" " ind2=" " tag="690"><subfield code="a">verschiedene Datenkategorie; verschiedene Datenquelle; verschiedenes Herkunftsland; verschiedener Zweck; vertraglicher Anspruch; virtueller Haushaltsinhaber; virtuelle Zugriffskontrolle; vorherige Überprüfung; wichtige Eröffnungsklausel; zentral Big; zentrales Handelsregister; zivilrechtlicher Anspruch; zugängliches Daten; zugängliche Quelle; öffentliche Ausschreibung; öffentliches Interesse</subfield><subfield code="2">idssg-J</subfield></datafield><datafield ind1=" " ind2=" " tag="690"><subfield code="a">Deutschland C4EUGE</subfield><subfield code="2">idssg-J</subfield></datafield><datafield ind1=" " ind2=" " tag="690"><subfield code="a">Bb Open Data; Bereich Anonymisierung Pseudonymisierung; Big Data Anwendung; Big Data Anwendungen; Blockieren Maskieren Pseudonymisieren; Controllerzu ProzessorVereinbarung C2P; Daten Einheitliche Löschfrist; Datenverarbeitung Sammlung Erfassung Übermittlung; gemeinsam Kontrolleure Art.; Joachim Schrey; Lösche; Maria Cristina Caldarola; Open Data Projekten; Optund Opt OutLösungen; People Analytics Anwendung; People Analytics Anwendungen</subfield><subfield code="2">idssg-J</subfield></datafield><datafield ind1=" " ind2=" " tag="691"><subfield code="e">PC 65.1</subfield><subfield code="2">rzs-L1</subfield></datafield><datafield ind1="1" ind2=" " tag="700"><subfield code="6">880-02</subfield><subfield code="a">Schrey, Joachim</subfield><subfield code="d">1961-</subfield><subfield code="0">(DE-588)143191047</subfield><subfield code="e">Verfasser</subfield><subfield code="4">aut</subfield></datafield><datafield ind1="1" ind2=" " tag="880"><subfield code="6">700-02</subfield><subfield code="a">Schrey, Joachim</subfield><subfield code="d">1961-….</subfield><subfield code="0">(IDREF)244121273</subfield><subfield code="4">aut</subfield></datafield><datafield ind1="4" ind2=" " tag="856"><subfield code="3">Titelblatt und Inhaltsverzeichnis</subfield><subfield code="u">https://toc.library.ethz.ch/objects/pdf03/z16_1-5099-3193-7_01.pdf</subfield><subfield code="q">pdf</subfield></datafield><datafield ind1="4" ind2="2" tag="856"><subfield code="q">text/html</subfield><subfield code="u">http://deposit.dnb.de/cgi-bin/dokserv?id=2492a59c006e49c0aebdacef67751d46&amp;prov=M&amp;dok_var=1&amp;dok_ext=htm</subfield><subfield code="z">Inhaltstext</subfield></datafield><datafield ind1=" " ind2=" " tag="900"><subfield code="a">IDSDSStoppsignal FRED</subfield></datafield><datafield ind1=" " ind2=" " tag="900"><subfield code="a">IDSZ2rwimon202006f</subfield><subfield code="c">IDSZ2kilch</subfield><subfield code="d">IDSZ2rwiswk202006b</subfield><subfield code="e">IDSZ2sust</subfield></datafield><datafield ind1=" " ind2=" " tag="900"><subfield code="a">REROnoselfmerge</subfield></datafield><datafield ind1=" " ind2=" " tag="949"><subfield code="a">https://toc.library.ethz.ch/objects/pdf03/z16_1-5099-3193-7_01.pdf</subfield></datafield><datafield ind1=" " ind2=" " tag="949"><subfield code="a">http://deposit.dnb.de/cgi-bin/dokserv?id=2492a59c006e49c0aebdacef67751d46&amp;prov=M&amp;dok_var=1&amp;dok_ext=htm</subfield></datafield></record>
</metadata></record>