<record><header><identifier>oai:alma.41SLSP_UGE:991000785199705502</identifier><datestamp>2023-06-20T00:18:52Z</datestamp><setSpec>uge_bcen_RapidILL_BOOK</setSpec><setSpec>uge_aaca_RapidILL_BOOK</setSpec><setSpec>uge_abels_RapidILL_BOOK</setSpec><setSpec>uge_dbu_RapidILL_BOOK</setSpec><setSpec>uge_cmu_RapidILL_BOOK</setSpec><setSpec>uge_mail_RapidILL_BOOK</setSpec><setSpec>uge_abbat_RapidILL_BOOK</setSpec><setSpec>UNIGE_ALL</setSpec><setSpec>uge_aobs_RapidILL_BOOK</setSpec><setSpec>uge_acar_RapidILL_BOOK</setSpec></header><metadata>
<record xmlns="http://www.loc.gov/MARC21/slim" xmlns:xsi="http://www.w3.org/2001/XMLSchema-instance" xsi:schemaLocation="http://www.loc.gov/MARC21/slim http://www.loc.gov/standards/marcxml/schema/MARC21slim.xsd"><leader>04644nam a2200661 c 4500</leader><controlfield tag="001">991000785199705502</controlfield><controlfield tag="005">20230619203714.0</controlfield><controlfield tag="008">201011s2011    it ||||| |||| 00| ||ita d</controlfield><datafield ind1=" " ind2=" " tag="020"><subfield code="a">8859608619</subfield></datafield><datafield ind1=" " ind2=" " tag="020"><subfield code="a">9788859608615</subfield></datafield><datafield ind1="7" ind2=" " tag="024"><subfield code="a">http://catalogue.bnf.fr/ark:/12148/cb425917417</subfield><subfield code="2">uri</subfield></datafield><datafield ind1=" " ind2=" " tag="035"><subfield code="a">(swissbib)220270236-41slsp_network</subfield></datafield><datafield ind1=" " ind2=" " tag="035"><subfield code="a">220270236</subfield><subfield code="9">ExL</subfield></datafield><datafield ind1=" " ind2=" " tag="035"><subfield code="a">(RERO)R007004401-41slsp</subfield></datafield><datafield ind1=" " ind2=" " tag="035"><subfield code="a">(IDSBB)005966655DSV01</subfield></datafield><datafield ind1=" " ind2=" " tag="035"><subfield code="a">(IDSSG)000544931HSB01</subfield></datafield><datafield ind1=" " ind2=" " tag="035"><subfield code="a">(NEBIS)007042045EBI01</subfield></datafield><datafield ind1=" " ind2=" " tag="035"><subfield code="a">(OCoLC)773016507</subfield></datafield><datafield ind1=" " ind2=" " tag="035"><subfield code="a">(EXLNZ-41SLSP_NETWORK)991102558229705501</subfield></datafield><datafield ind1=" " ind2=" " tag="040"><subfield code="a">C3L</subfield><subfield code="d">CH-ZuSLS</subfield></datafield><datafield ind1=" " ind2=" " tag="045"><subfield code="a">w1w9</subfield><subfield code="a">x0x4</subfield></datafield><datafield ind1=" " ind2="0" tag="050"><subfield code="a">PQ4809.A52</subfield><subfield code="b">Z48 2011</subfield></datafield><datafield ind1=" " ind2="7" tag="072"><subfield code="a">it</subfield><subfield code="2">rero</subfield></datafield><datafield ind1=" " ind2="7" tag="072"><subfield code="a">it</subfield><subfield code="2">SzZuIDS BS/BE</subfield></datafield><datafield ind1="1" ind2="4" tag="082"><subfield code="a">851</subfield><subfield code="2">21</subfield></datafield><datafield ind1="1" ind2="4" tag="082"><subfield code="a">851.912</subfield></datafield><datafield ind1="1" ind2=" " tag="100"><subfield code="a">Campana, Dino</subfield><subfield code="d">1885-1932</subfield><subfield code="0">(DE-588)118668129</subfield><subfield code="6">880-01</subfield></datafield><datafield ind1="1" ind2=" " tag="880"><subfield code="a">Campana, Dino</subfield><subfield code="0">(RERO)A003072223</subfield><subfield code="4">cre</subfield><subfield code="6">100-01</subfield></datafield><datafield ind1="1" ind2="0" tag="245"><subfield code="a">Lettere di un povero diavolo</subfield><subfield code="b">carteggio (1903-1931) : con altre testimonianze epistolari su Dino Campana (1903-1998)</subfield><subfield code="c">Dino Campana ; a cura di Gabriel Cacho Millet</subfield></datafield><datafield ind1=" " ind2="1" tag="264"><subfield code="a">Firenze</subfield><subfield code="b">Polistampa</subfield><subfield code="c">2011</subfield></datafield><datafield ind1=" " ind2=" " tag="300"><subfield code="a">xxxiii, 459 p.</subfield><subfield code="b">ill.</subfield><subfield code="c">24 cm.</subfield></datafield><datafield ind1=" " ind2=" " tag="336"><subfield code="b">txt</subfield><subfield code="2">rdacontent</subfield></datafield><datafield ind1=" " ind2=" " tag="337"><subfield code="b">n</subfield><subfield code="2">rdamedia</subfield></datafield><datafield ind1=" " ind2=" " tag="338"><subfield code="b">nc</subfield><subfield code="2">rdacarrier</subfield></datafield><datafield ind1="1" ind2=" " tag="490"><subfield code="a">Il diaspro. Epistolari</subfield><subfield code="v">XIII</subfield></datafield><datafield ind1=" " ind2=" " tag="500"><subfield code="a">Letters by and to D. Campana, partly publ. for the first time. - Contains introd. by the ed. (p. ix-xxii), bibl., bibl. refs., notes and indexes.</subfield></datafield><datafield ind1=" " ind2=" " tag="504"><subfield code="a">Includes bibliographical references.</subfield></datafield><datafield ind1="1" ind2="0" tag="600"><subfield code="a">Campana, Dino</subfield><subfield code="d">1885-1932</subfield><subfield code="v">Correspondence</subfield></datafield><datafield ind1="1" ind2="7" tag="600"><subfield code="a">Campana, Dino</subfield><subfield code="d">1885-1932</subfield><subfield code="0">(IDREF)026764253</subfield><subfield code="2">idref</subfield></datafield><datafield ind1="1" ind2="7" tag="600"><subfield code="a">Campana, Dino</subfield><subfield code="2">idszbz</subfield></datafield><datafield ind1="1" ind2="7" tag="600"><subfield code="a">Campana, Dino</subfield><subfield code="d">1885-1932</subfield><subfield code="0">(DE-588)118668129</subfield><subfield code="2">gnd</subfield></datafield><datafield ind1=" " ind2="0" tag="650"><subfield code="a">Authors, Italian</subfield><subfield code="y">20th century</subfield><subfield code="v">Correspondence</subfield></datafield><datafield ind1=" " ind2="7" tag="650"><subfield code="a">1903-1931</subfield><subfield code="2">rero</subfield></datafield><datafield ind1=" " ind2="7" tag="655"><subfield code="a">Correspondance</subfield><subfield code="0">(IDREF)027490122</subfield><subfield code="2">idref</subfield></datafield><datafield ind1=" " ind2="7" tag="655"><subfield code="a">[document]</subfield><subfield code="2">rerovoc</subfield><subfield code="0">(RERO)A010182398</subfield></datafield><datafield ind1=" " ind2="7" tag="655"><subfield code="a">[iconographie]</subfield><subfield code="2">rerovoc</subfield><subfield code="0">(RERO)A010182441</subfield></datafield><datafield ind1=" " ind2="7" tag="655"><subfield code="a">Briefsammlung</subfield><subfield code="2">gnd-content</subfield></datafield><datafield ind1=" " ind2="7" tag="655"><subfield code="a">Briefsammlung</subfield><subfield code="y">1903-1931</subfield><subfield code="2">gnd-content</subfield></datafield><datafield ind1=" " ind2="7" tag="655"><subfield code="a">Briefsammlung</subfield><subfield code="2">idszbz</subfield></datafield><datafield ind1=" " ind2=" " tag="690"><subfield code="a">Giovanni ; Lettera ; Diavolo ; Testimonianza ; Cura ; Indice ; Difesa ; Arte ; Domenica ; Pesce ; Fondo ; Chiesa ; Padre ; Campo ; Cima ; Generale</subfield><subfield code="2">idssg-J</subfield></datafield><datafield ind1=" " ind2=" " tag="690"><subfield code="a">Ardengo Soffici</subfield><subfield code="2">idssg-J</subfield></datafield><datafield ind1=" " ind2=" " tag="690"><subfield code="a">Dino; epistolari; Gabriel; Cacho; Millet; olistampa; Aicardi; Vittorio; Gaudenzio; Begnudini; Vincenzo; Mughini; Vili; Manuelita; Etchegarray; Papini; Giuseppe; Prezzolini; Attilio; Vallecchi; prim; Luigi; Bandini; De; Robertis; Giorgio; Morandi; Fernando; Agnoletti; Amerigo; Bianchini; Arturo; Reghini; Rosai; Emilio; Settimelli; Ugo; Tommei; Goffredo; Bellonci; Cecchi; XXVIII; Meriano; Mario; Novaro; Costetti; XXXIII; Aldo; Orlandi; XXXVII; XXXVIII; LXVIII; aut; LXXVII; LXXVIII; LXXXII; LXXXIII; LXXXIV; LXXXVI; LXXXVII; LXXXVIII; LXXXIX; Sabine; Gruy; Ravegnani; Boine; Gina; Paolo; Curatolo; Fallacara; Bino; Binazzi; Antonino; Foschini; Anselmo; Gerib; Corrado; Govoni; Italo; xcv; XCVIl; XCVIII; cv; evi; ex; cxv; CXVIII; cxx; CXXIII; cxxv; CXXVII; cxxx; cxxxu; CXXXIII; CXXXIV; cxxxv; CXXXVII; CXXXIX; Leonello; Stanghellini; Manlio; Antonio; Salvetti; Ruggero; Zotti; Cardarelli; Numa; Ravagli; Carnecchia; Lewis; Emma; Athos; Gastone; Banti; Adriana; Tron; Conte; Tonci; Giacomo; Merli; Moschi; Takeda; CXLIII; CXLVII; CXLVIII; CLXIII; CLXVII; CLXVIII; CLXXII; CLXXIV; CLXXVI; CLXXVII; CLXXVIII; CLXXIX; CLXXXI; bis; CLXXXII; CLXXXIII; CLXXXIV; CLXXXV; CLXXXVI; CLXXXVII; CLXXXVIII; CLXXXIX; CXCIII; Sibilla; Aleramo; Baldini; Manni; Anna; Raffaello; Bianca; Fabroni; Minucci; Gabriele; Anstrid; Ahnfelt; Pieraccini; Danilo; Lebrecht; Lorenzo; CAMPANA; A; XXVIII; XXXIII; XXXVII; XXXVIII; LXVIII; LXXVII; LXXVIII; LXXXII; LXXXIII; LXXXIV; LXXXVI; LXXXVII; LXXXVIII; LXXXIX; B; XCVIII; CXVIII; CXXIII; CXXVII; CXXXIII; CXXXIV; CXXXVII; CXXXIX; CXLIII; CXLVII; CXLVIII; CLXIII; CLXVII; CLXVIII; CLXXII; CLXXIV; CLXXVI; CLXXVII; CLXXVIII; CLXXIX; CLXXXI; CLXXXII; CLXXXIII; CLXXXIV; CLXXXV; CLXXXVI; CLXXXVII; CLXXXVIII; CLXXXIX; CXCIII; C</subfield><subfield code="2">idssg-J</subfield></datafield><datafield ind1="1" ind2=" " tag="700"><subfield code="a">Cacho Millet, Gabriel</subfield><subfield code="d">1939-</subfield><subfield code="0">(DE-588)1057556858</subfield><subfield code="6">880-02</subfield></datafield><datafield ind1="1" ind2=" " tag="880"><subfield code="6">700-02</subfield><subfield code="a">Cacho Millet, Gabriel</subfield><subfield code="d">1939-....</subfield><subfield code="0">(IDREF)027896919</subfield></datafield><datafield ind1="4" ind2=" " tag="856"><subfield code="3">Titelblatt und Inhaltsverzeichnis</subfield><subfield code="u">https://toc.library.ethz.ch/objects/pdf/z01_978-88-596-0861-5_01.pdf</subfield><subfield code="q">pdf</subfield></datafield><datafield ind1=" " ind2="0" tag="830"><subfield code="a">&lt;&lt;Il&gt;&gt; diaspro</subfield><subfield code="p">Epistolari</subfield><subfield code="v">13</subfield><subfield code="w">(IDSBB)001418375DSV01</subfield></datafield><datafield ind1=" " ind2=" " tag="900"><subfield code="a">IDSZ2zbzmon201203f</subfield><subfield code="c">IDSZ2gabr</subfield><subfield code="d">IDSZ2zbzswk201204b</subfield><subfield code="e">IDSZ2brua</subfield></datafield><datafield ind1=" " ind2=" " tag="911"><subfield code="a">100</subfield><subfield code="a">Campana, Dino</subfield><subfield code="d">1885-1932</subfield></datafield><datafield ind1=" " ind2=" " tag="949"><subfield code="a">https://toc.library.ethz.ch/objects/pdf/z01_978-88-596-0861-5_01.pdf</subfield></datafield><datafield ind1=" " ind2=" " tag="993"><subfield code="a">BFLA 238115</subfield><subfield code="x">ge/ulit/a/12/366</subfield><subfield code="9">LOCAL</subfield></datafield></record>
</metadata></record>