<record><header><identifier>oai:alma.41SLSP_UGE:991000797039705502</identifier><datestamp>2023-03-01T01:09:48Z</datestamp><setSpec>uge_bcen_RapidILL_BOOK</setSpec><setSpec>uge_aaca_RapidILL_BOOK</setSpec><setSpec>uge_abels_RapidILL_BOOK</setSpec><setSpec>uge_dbu_RapidILL_BOOK</setSpec><setSpec>uge_cmu_RapidILL_BOOK</setSpec><setSpec>uge_mail_RapidILL_BOOK</setSpec><setSpec>UNIGE_ALL</setSpec><setSpec>uge_abbat_RapidILL_BOOK</setSpec><setSpec>uge_aobs_RapidILL_BOOK</setSpec><setSpec>uge_acar_RapidILL_BOOK</setSpec></header><metadata>
<record xmlns="http://www.loc.gov/MARC21/slim" xmlns:xsi="http://www.w3.org/2001/XMLSchema-instance" xsi:schemaLocation="http://www.loc.gov/MARC21/slim http://www.loc.gov/standards/marcxml/schema/MARC21slim.xsd"><leader>02282nam a2200481 c 4500</leader><controlfield tag="001">991000797039705502</controlfield><controlfield tag="005">20230208203013.0</controlfield><controlfield tag="008">201011s2002    xxc||||| |||| 00| ||fre d</controlfield><datafield ind1=" " ind2=" " tag="020"><subfield code="a">2894615329</subfield></datafield><datafield ind1=" " ind2=" " tag="035"><subfield code="a">(swissbib)211753831-41slsp_network</subfield></datafield><datafield ind1=" " ind2=" " tag="035"><subfield code="a">211753831</subfield><subfield code="9">ExL</subfield></datafield><datafield ind1=" " ind2=" " tag="035"><subfield code="a">(RERO)R003358910-41slsp</subfield></datafield><datafield ind1=" " ind2=" " tag="035"><subfield code="a">(NEBIS)006130866EBI01</subfield></datafield><datafield ind1=" " ind2=" " tag="035"><subfield code="a">(EXLNZ-41SLSP_NETWORK)991110035109705501</subfield></datafield><datafield ind1=" " ind2=" " tag="040"><subfield code="a">RERO vsbcvm</subfield><subfield code="d">CH-ZuSLS</subfield></datafield><datafield ind1=" " ind2="7" tag="072"><subfield code="a">pe</subfield><subfield code="2">rero</subfield></datafield><datafield ind1="1" ind2=" " tag="100"><subfield code="a">Dore, Louise</subfield><subfield code="d">1955-....</subfield><subfield code="0">(IDREF)148131271</subfield><subfield code="4">cre</subfield></datafield><datafield ind1="1" ind2="0" tag="245"><subfield code="a">&lt;&lt;Le&gt;&gt; portfolio</subfield><subfield code="b">évaluer pour apprendre</subfield><subfield code="c">Louise Dore, Nathalie Michaud, Libérata Mukarugagi</subfield></datafield><datafield ind1=" " ind2="1" tag="264"><subfield code="a">Montréal [etc.]</subfield><subfield code="b">Chenelière/McGraw-Hill</subfield><subfield code="c">2002</subfield></datafield><datafield ind1=" " ind2=" " tag="300"><subfield code="a">VI, 146 p.</subfield><subfield code="b">ill.</subfield><subfield code="c">28 cm</subfield></datafield><datafield ind1=" " ind2=" " tag="336"><subfield code="b">txt</subfield><subfield code="2">rdacontent</subfield></datafield><datafield ind1=" " ind2=" " tag="337"><subfield code="b">n</subfield><subfield code="2">rdamedia</subfield></datafield><datafield ind1=" " ind2=" " tag="338"><subfield code="b">nc</subfield><subfield code="2">rdacarrier</subfield></datafield><datafield ind1=" " ind2=" " tag="385"><subfield code="a">Harmos3</subfield><subfield code="2">rero</subfield></datafield><datafield ind1=" " ind2=" " tag="385"><subfield code="a">Harmos4</subfield><subfield code="2">rero</subfield></datafield><datafield ind1=" " ind2=" " tag="385"><subfield code="a">Harmos5</subfield><subfield code="2">rero</subfield></datafield><datafield ind1=" " ind2=" " tag="385"><subfield code="a">Harmos6</subfield><subfield code="2">rero</subfield></datafield><datafield ind1=" " ind2=" " tag="385"><subfield code="a">Harmos7</subfield><subfield code="2">rero</subfield></datafield><datafield ind1=" " ind2=" " tag="385"><subfield code="a">Harmos8</subfield><subfield code="2">rero</subfield></datafield><datafield ind1="1" ind2=" " tag="490"><subfield code="a">Chenelière/Didactique. Evaluation et compétences</subfield></datafield><datafield ind1=" " ind2=" " tag="500"><subfield code="a">Matériel reproductible inclus</subfield></datafield><datafield ind1=" " ind2=" " tag="500"><subfield code="a">matériel reproductible</subfield></datafield><datafield ind1=" " ind2=" " tag="504"><subfield code="a">Bibliogr.: p. 145-146</subfield></datafield><datafield ind1="8" ind2=" " tag="520"><subfield code="a">Le but de cet ouvrage est de contribuer à l'avancement des pratiques évaluatives en lien avec le portfolio : redonner à l'évaluation sa mission première, qui est de stimuler l'apprentissage et de guider l'évolution de l'élève. Basé sur des expériences vécues en salle de classe [cet ouvrage] allie théorie et pratique. (4e de couv.)</subfield><subfield code="5">RERO/njhep-/12.2011</subfield></datafield><datafield ind1=" " ind2="7" tag="650"><subfield code="a">portfolio (éducation)</subfield><subfield code="0">(RERO)A010134847</subfield><subfield code="2">rerovoc</subfield></datafield><datafield ind1=" " ind2="7" tag="650"><subfield code="a">Élèves</subfield><subfield code="0">(IDREF)027810828</subfield><subfield code="2">idref</subfield></datafield><datafield ind1=" " ind2="7" tag="650"><subfield code="a">Évaluation</subfield><subfield code="0">(IDREF)027791513</subfield><subfield code="2">idref</subfield></datafield><datafield ind1=" " ind2="7" tag="650"><subfield code="a">APPRENTISSAGE + CAPACITÉ D'ASSIMILATION (PSYCHOLOGIE)</subfield><subfield code="9">fre</subfield><subfield code="0">(ETHUDK)000009568</subfield><subfield code="2">ethudk</subfield></datafield><datafield ind1=" " ind2="7" tag="650"><subfield code="a">MÉTHODOLOGIE DE L'ENSEIGNEMENT + DIDACTIQUE (ÉDUCATION)</subfield><subfield code="9">fre</subfield><subfield code="0">(ETHUDK)000012091</subfield><subfield code="2">ethudk</subfield></datafield><datafield ind1=" " ind2="7" tag="650"><subfield code="a">THÉORIES D'APPRENTISSAGE + MODÈLES D' APPRENTISSAGE (ENSEIGNEMENT)</subfield><subfield code="9">fre</subfield><subfield code="0">(ETHUDK)000048162</subfield><subfield code="2">ethudk</subfield></datafield><datafield ind1="1" ind2=" " tag="700"><subfield code="a">Michaud, Nathalie</subfield><subfield code="c">enseignante</subfield><subfield code="d">1968-....</subfield><subfield code="0">(IDREF)148131336</subfield></datafield><datafield ind1="1" ind2=" " tag="700"><subfield code="a">Mukarugagi, Libérata</subfield><subfield code="0">(IDREF)22013572X</subfield></datafield><datafield ind1=" " ind2="0" tag="830"><subfield code="a">Chenelière/Didactique</subfield><subfield code="w">(RERO)R003244922-41slsp</subfield></datafield><datafield ind1=" " ind2=" " tag="900"><subfield code="a">REROnoselfmerge</subfield></datafield></record>
</metadata></record>