<record><header><identifier>oai:alma.41SLSP_UGE:991000785079705502</identifier><datestamp>2024-06-07T00:08:42Z</datestamp><setSpec>uge_bcen_RapidILL_BOOK</setSpec><setSpec>uge_aaca_RapidILL_BOOK</setSpec><setSpec>uge_abels_RapidILL_BOOK</setSpec><setSpec>uge_dbu_RapidILL_BOOK</setSpec><setSpec>uge_cmu_RapidILL_BOOK</setSpec><setSpec>uge_mail_RapidILL_BOOK</setSpec><setSpec>uge_abbat_RapidILL_BOOK</setSpec><setSpec>UNIGE_ALL</setSpec><setSpec>uge_aobs_RapidILL_BOOK</setSpec><setSpec>uge_acar_RapidILL_BOOK</setSpec></header><metadata>
<record xmlns="http://www.loc.gov/MARC21/slim" xmlns:xsi="http://www.w3.org/2001/XMLSchema-instance" xsi:schemaLocation="http://www.loc.gov/MARC21/slim http://www.loc.gov/standards/marcxml/schema/MARC21slim.xsd"><leader>02995nam a2200709 c 4500</leader><controlfield tag="001">991000785079705502</controlfield><controlfield tag="005">20240606110121.0</controlfield><controlfield tag="008">201011t20162016nju           00| | eng| </controlfield><datafield ind1=" " ind2=" " tag="010"><subfield code="a">2015037578</subfield></datafield><datafield ind1=" " ind2=" " tag="020"><subfield code="a">0691170193</subfield><subfield code="q">hardcover</subfield></datafield><datafield ind1=" " ind2=" " tag="020"><subfield code="a">9780691170190</subfield><subfield code="q">hardcover</subfield></datafield><datafield ind1=" " ind2=" " tag="035"><subfield code="a">(swissbib)231074794-41slsp_network</subfield></datafield><datafield ind1=" " ind2=" " tag="035"><subfield code="a">231074794</subfield><subfield code="9">ExL</subfield></datafield><datafield ind1=" " ind2=" " tag="035"><subfield code="a">(NEBIS)010548196EBI01</subfield></datafield><datafield ind1=" " ind2=" " tag="035"><subfield code="a">(IDSBB)006624859DSV01</subfield></datafield><datafield ind1=" " ind2=" " tag="035"><subfield code="a">(RERO)R008455196-41slsp</subfield></datafield><datafield ind1=" " ind2=" " tag="035"><subfield code="a">(OCoLC)922970903</subfield></datafield><datafield ind1=" " ind2=" " tag="035"><subfield code="a">(EXLNZ-41SLSP_NETWORK)991123406229705501</subfield></datafield><datafield ind1=" " ind2=" " tag="040"><subfield code="a">DLC</subfield><subfield code="b">fre</subfield><subfield code="e">rda</subfield><subfield code="d">CH-ZuSLS</subfield></datafield><datafield ind1=" " ind2=" " tag="050"><subfield code="a">QA241</subfield><subfield code="b">.A85 2016</subfield></datafield><datafield ind1=" " ind2="7" tag="072"><subfield code="a">mt</subfield><subfield code="2">SzZuIDS BS/BE</subfield></datafield><datafield ind1=" " ind2="7" tag="072"><subfield code="a">ma</subfield><subfield code="2">rero</subfield></datafield><datafield ind1="0" ind2="0" tag="082"><subfield code="a">512.7</subfield></datafield><datafield ind1="1" ind2="4" tag="082"><subfield code="a">100</subfield><subfield code="2">15</subfield></datafield><datafield ind1="1" ind2="4" tag="082"><subfield code="a">510</subfield><subfield code="2">15</subfield></datafield><datafield ind1=" " ind2=" " tag="084"><subfield code="a">10</subfield><subfield code="2">msc</subfield></datafield><datafield ind1="1" ind2=" " tag="100"><subfield code="6">880-01</subfield><subfield code="a">Ash, Avner</subfield><subfield code="d">1949-</subfield><subfield code="0">(DE-588)104322534X</subfield><subfield code="e">Verfasser</subfield><subfield code="4">aut</subfield></datafield><datafield ind1="1" ind2=" " tag="880"><subfield code="6">100-01</subfield><subfield code="a">Ash, Avner</subfield><subfield code="d">1949-....</subfield><subfield code="0">(IDREF)147448778</subfield><subfield code="4">cre</subfield></datafield><datafield ind1="1" ind2="0" tag="245"><subfield code="a">Summing it up</subfield><subfield code="b">from one plus one to modern number theory</subfield><subfield code="c">Avner Ash and Robert Gross</subfield></datafield><datafield ind1=" " ind2="1" tag="264"><subfield code="a">Princeton</subfield><subfield code="b">Princeton University Press</subfield><subfield code="c">[2016]</subfield></datafield><datafield ind1=" " ind2="4" tag="264"><subfield code="c">©2016</subfield></datafield><datafield ind1=" " ind2=" " tag="300"><subfield code="a">xiii, 229 pages</subfield><subfield code="b">illustrations</subfield><subfield code="c">24 cm</subfield></datafield><datafield ind1=" " ind2=" " tag="336"><subfield code="b">txt</subfield><subfield code="2">rdacontent</subfield></datafield><datafield ind1=" " ind2=" " tag="337"><subfield code="b">n</subfield><subfield code="2">rdamedia</subfield></datafield><datafield ind1=" " ind2=" " tag="338"><subfield code="b">nc</subfield><subfield code="2">rdacarrier</subfield></datafield><datafield ind1=" " ind2=" " tag="504"><subfield code="a">Includes bibliographical references and index</subfield></datafield><datafield ind1=" " ind2="7" tag="650"><subfield code="a">Reihe</subfield><subfield code="0">(DE-588)4049197-3</subfield><subfield code="2">gnd</subfield></datafield><datafield ind1=" " ind2="7" tag="650"><subfield code="a">Modulform</subfield><subfield code="0">(DE-588)4128299-1</subfield><subfield code="2">gnd</subfield></datafield><datafield ind1=" " ind2="7" tag="650"><subfield code="a">ERZEUGENDE FUNKTIONEN (ANALYSIS)</subfield><subfield code="9">ger</subfield><subfield code="0">(ETHUDK)000037433</subfield><subfield code="2">ethudk</subfield></datafield><datafield ind1=" " ind2="7" tag="650"><subfield code="a">MODULARE FORMEN (ZAHLENTHEORIE)</subfield><subfield code="9">ger</subfield><subfield code="0">(ETHUDK)000012550</subfield><subfield code="2">ethudk</subfield></datafield><datafield ind1=" " ind2="7" tag="650"><subfield code="a">NUMERISCHE FOLGEN UND REIHEN, FUNKTIONSFOLGEN UND FUNKTIONSREIHEN (ANALYSIS)</subfield><subfield code="9">ger</subfield><subfield code="0">(ETHUDK)000013254</subfield><subfield code="2">ethudk</subfield></datafield><datafield ind1=" " ind2="7" tag="650"><subfield code="a">ZERLEGUNG VON ZAHLEN (ZAHLENTHEORIE)</subfield><subfield code="9">ger</subfield><subfield code="0">(ETHUDK)000012543</subfield><subfield code="2">ethudk</subfield></datafield><datafield ind1=" " ind2="7" tag="650"><subfield code="a">Zahlentheorie</subfield><subfield code="0">(DE-588)4067277-3</subfield><subfield code="2">gnd</subfield></datafield><datafield ind1=" " ind2="7" tag="650"><subfield code="a">Zahl</subfield><subfield code="0">(DE-588)4067271-2</subfield><subfield code="2">gnd</subfield></datafield><datafield ind1=" " ind2="7" tag="650"><subfield code="a">Addition</subfield><subfield code="0">(DE-588)4296282-1</subfield><subfield code="2">gnd</subfield></datafield><datafield ind1=" " ind2="7" tag="650"><subfield code="a">Philosophie</subfield><subfield code="0">(DE-588)4045791-6</subfield><subfield code="2">gnd</subfield></datafield><datafield ind1=" " ind2="7" tag="650"><subfield code="a">Mathematik</subfield><subfield code="0">(DE-588)4037944-9</subfield><subfield code="2">gnd</subfield></datafield><datafield ind1=" " ind2="0" tag="650"><subfield code="a">Number theory</subfield></datafield><datafield ind1=" " ind2="0" tag="650"><subfield code="a">Mathematics</subfield><subfield code="v">Popular works</subfield></datafield><datafield ind1=" " ind2="7" tag="650"><subfield code="a">Théorie des nombres</subfield><subfield code="0">(IDREF)027270475</subfield><subfield code="2">idref</subfield></datafield><datafield ind1=" " ind2="7" tag="655"><subfield code="a">Einführung</subfield><subfield code="2">gnd-content</subfield></datafield><datafield ind1="1" ind2=" " tag="700"><subfield code="6">880-02</subfield><subfield code="a">Gross, Robert</subfield><subfield code="d">1959-</subfield><subfield code="0">(DE-588)1024269078</subfield><subfield code="e">Verfasser</subfield><subfield code="4">aut</subfield></datafield><datafield ind1="1" ind2=" " tag="880"><subfield code="6">700-02</subfield><subfield code="a">Gross, Robert</subfield><subfield code="d">1959-....</subfield><subfield code="0">(IDREF)112516947</subfield></datafield><datafield ind1="4" ind2=" " tag="856"><subfield code="3">Titelblatt und Inhaltsverzeichnis</subfield><subfield code="u">https://toc.library.ethz.ch/objects/pdf03/e01_978-0-691-17019-0_01.pdf</subfield><subfield code="q">pdf</subfield></datafield><datafield ind1="4" ind2=" " tag="856"><subfield code="3">Abstract / Autoreninformation</subfield><subfield code="u">https://toc.library.ethz.ch/objects/pdf03/e01_978-0-691-17019-0_02.pdf</subfield><subfield code="q">pdf</subfield></datafield><datafield ind1=" " ind2=" " tag="900"><subfield code="a">IDSZ2zbzmon201610l</subfield><subfield code="c">IDSZ2stad</subfield><subfield code="d">IDSZ2zbzswk201610b</subfield><subfield code="e">IDSZ2tschu</subfield></datafield><datafield ind1=" " ind2=" " tag="900"><subfield code="a">IDSDSStoppsignal FRED</subfield></datafield><datafield ind1=" " ind2=" " tag="900"><subfield code="a">REROnoselfmerge</subfield></datafield><datafield ind1=" " ind2=" " tag="910"><subfield code="a">OCoLC</subfield><subfield code="b">20160623</subfield><subfield code="c">Droits réservés</subfield></datafield><datafield ind1=" " ind2=" " tag="911"><subfield code="a">100</subfield><subfield code="a">Ash, Avner</subfield><subfield code="d">1949-</subfield></datafield><datafield ind1=" " ind2=" " tag="911"><subfield code="a">700</subfield><subfield code="a">Gross, Robert</subfield><subfield code="d">1959-</subfield></datafield><datafield ind1=" " ind2=" " tag="949"><subfield code="a">https://toc.library.ethz.ch/objects/pdf03/e01_978-0-691-17019-0_01.pdf</subfield></datafield><datafield ind1=" " ind2=" " tag="949"><subfield code="a">https://toc.library.ethz.ch/objects/pdf03/e01_978-0-691-17019-0_02.pdf</subfield></datafield></record>
</metadata></record>