<record><header><identifier>oai:alma.41SLSP_UGE:991000785699705502</identifier><datestamp>2023-03-17T01:52:04Z</datestamp><setSpec>uge_bcen_RapidILL_BOOK</setSpec><setSpec>uge_aaca_RapidILL_BOOK</setSpec><setSpec>uge_abels_RapidILL_BOOK</setSpec><setSpec>uge_dbu_RapidILL_BOOK</setSpec><setSpec>uge_cmu_RapidILL_BOOK</setSpec><setSpec>uge_mail_RapidILL_BOOK</setSpec><setSpec>uge_abbat_RapidILL_BOOK</setSpec><setSpec>UNIGE_ALL</setSpec><setSpec>uge_acar_RapidILL_BOOK</setSpec><setSpec>uge_aobs_RapidILL_BOOK</setSpec></header><metadata>
<record xmlns="http://www.loc.gov/MARC21/slim" xmlns:xsi="http://www.w3.org/2001/XMLSchema-instance" xsi:schemaLocation="http://www.loc.gov/MARC21/slim http://www.loc.gov/standards/marcxml/schema/MARC21slim.xsd"><leader>02014nam a2200469 c 4500</leader><controlfield tag="001">991000785699705502</controlfield><controlfield tag="005">20230316210407.0</controlfield><controlfield tag="008">201011s2002    xxk||||| |||| 00| ||eng d</controlfield><datafield ind1=" " ind2=" " tag="020"><subfield code="a">1853838918</subfield><subfield code="q">pbk.</subfield></datafield><datafield ind1=" " ind2=" " tag="020"><subfield code="a">185383890X</subfield><subfield code="q">hbk.</subfield></datafield><datafield ind1=" " ind2=" " tag="035"><subfield code="a">(swissbib)216418283-41slsp_network</subfield></datafield><datafield ind1=" " ind2=" " tag="035"><subfield code="a">216418283</subfield><subfield code="9">ExL</subfield></datafield><datafield ind1=" " ind2=" " tag="035"><subfield code="a">(RERO)R004037227-41slsp</subfield></datafield><datafield ind1=" " ind2=" " tag="035"><subfield code="a">(NEBIS)005316509EBI01</subfield></datafield><datafield ind1=" " ind2=" " tag="035"><subfield code="a">(EXLNZ-41SLSP_NETWORK)991015705519705501</subfield></datafield><datafield ind1=" " ind2=" " tag="040"><subfield code="a">RERO geiued</subfield><subfield code="d">CH-ZuSLS</subfield></datafield><datafield ind1=" " ind2="7" tag="072"><subfield code="a">ur</subfield><subfield code="2">rero</subfield></datafield><datafield ind1="0" ind2="4" tag="082"><subfield code="a">307.1416091724</subfield><subfield code="2">21</subfield></datafield><datafield ind1="0" ind2="0" tag="245"><subfield code="a">Holding their ground</subfield><subfield code="b">secure land tenure for the urban poor in developing countries</subfield><subfield code="c">ed. by Alain Durand-Lasserve and Lauren Royston</subfield></datafield><datafield ind1=" " ind2="1" tag="264"><subfield code="a">London</subfield><subfield code="a">Sterling</subfield><subfield code="b">Earthscan</subfield><subfield code="c">2002</subfield></datafield><datafield ind1=" " ind2=" " tag="300"><subfield code="a">XVI, 264 p.</subfield><subfield code="c">24 cm</subfield></datafield><datafield ind1=" " ind2=" " tag="336"><subfield code="b">txt</subfield><subfield code="2">rdacontent</subfield></datafield><datafield ind1=" " ind2=" " tag="337"><subfield code="b">n</subfield><subfield code="2">rdamedia</subfield></datafield><datafield ind1=" " ind2=" " tag="338"><subfield code="b">nc</subfield><subfield code="2">rdacarrier</subfield></datafield><datafield ind1=" " ind2=" " tag="500"><subfield code="a">Comprend un index</subfield></datafield><datafield ind1=" " ind2="7" tag="650"><subfield code="a">Villes</subfield><subfield code="0">(IDREF)027255778</subfield><subfield code="2">idref</subfield></datafield><datafield ind1=" " ind2="7" tag="650"><subfield code="a">Propriété foncière</subfield><subfield code="0">(IDREF)027293246</subfield><subfield code="2">idref</subfield></datafield><datafield ind1=" " ind2="7" tag="650"><subfield code="a">Pauvres</subfield><subfield code="0">(IDREF)027528839</subfield><subfield code="2">idref</subfield></datafield><datafield ind1=" " ind2="7" tag="650"><subfield code="a">CITY MASTER PLANS (URBAN PLANNING)</subfield><subfield code="9">eng</subfield><subfield code="0">(ETHUDK)000035577</subfield><subfield code="2">ethudk</subfield></datafield><datafield ind1=" " ind2="7" tag="650"><subfield code="a">ECONOMY OF DEVELOPING COUNTRIES + ECONOMY OF THE THIRD WORLD</subfield><subfield code="9">eng</subfield><subfield code="0">(ETHUDK)000010342</subfield><subfield code="2">ethudk</subfield></datafield><datafield ind1=" " ind2="7" tag="650"><subfield code="a">LIFE QUALITY/URBAN DEVELOPMENT (SOCIAL PROBLEMS)</subfield><subfield code="9">eng</subfield><subfield code="0">(ETHUDK)000011902</subfield><subfield code="2">ethudk</subfield></datafield><datafield ind1=" " ind2="7" tag="650"><subfield code="a">POOR AND NEEDY PERSONS</subfield><subfield code="9">eng</subfield><subfield code="0">(ETHUDK)000053572</subfield><subfield code="2">ethudk</subfield></datafield><datafield ind1=" " ind2="7" tag="651"><subfield code="a">Pays en voie de développement</subfield><subfield code="0">(IDREF)027407918</subfield><subfield code="2">idref</subfield></datafield><datafield ind1=" " ind2="7" tag="655"><subfield code="a">[Études diverses]</subfield><subfield code="0">(RERO)A022249905</subfield><subfield code="2">rero</subfield></datafield><datafield ind1=" " ind2=" " tag="690"><subfield code="a">176f</subfield><subfield code="d">EL: Urbanisierung, Stadtprobleme in Entwicklungsländern</subfield><subfield code="2">uzb-UJ</subfield></datafield><datafield ind1=" " ind2=" " tag="690"><subfield code="a">402-11</subfield><subfield code="d">Indien: Siedlungsgeographie</subfield><subfield code="2">uzb-UJ</subfield></datafield><datafield ind1=" " ind2=" " tag="690"><subfield code="a">519-11</subfield><subfield code="d">Brasilien: Siedlungsgeographie</subfield><subfield code="2">uzb-UJ</subfield></datafield><datafield ind1=" " ind2=" " tag="690"><subfield code="a">440c</subfield><subfield code="d">Republik Südafrika, Basuto</subfield><subfield code="2">uzb-UJ</subfield></datafield><datafield ind1=" " ind2=" " tag="690"><subfield code="a">114b</subfield><subfield code="d">Städtische Landnutzung</subfield><subfield code="2">uzb-UJ</subfield></datafield><datafield ind1=" " ind2=" " tag="690"><subfield code="a">114cc</subfield><subfield code="d">Slums, Ghettos</subfield><subfield code="2">uzb-UJ</subfield></datafield><datafield ind1="1" ind2=" " tag="700"><subfield code="a">Royston, Lauren</subfield><subfield code="d">19..-....</subfield><subfield code="0">(IDREF)155993593</subfield></datafield><datafield ind1="1" ind2=" " tag="700"><subfield code="a">Durand-Lasserve, Alain</subfield><subfield code="d">1944-....</subfield><subfield code="0">(IDREF)026845725</subfield></datafield><datafield ind1=" " ind2=" " tag="900"><subfield code="a">REROnoselfmerge</subfield></datafield></record>
</metadata></record><resumptionToken>1900-01-01@all@UNIGE_ALL@marc21@5986544710005502</resumptionToken></ListRecords></OAI-PMH>